<?xml version="1.0" encoding="UTF-8"?>
<marc:collection xmlns:xsi="http://www.w3.org/2001/XMLSchema-instance"
                 xmlns:marc="http://www.loc.gov/MARC21/slim"
                 xmlns:mads="http://www.loc.gov/mads/v2"
                 xmlns:etd="http://www.ndltd.org/standards/metadata/etdms/1.0/"
                 xmlns:xlink="http://www.w3.org/1999/xlink"
                 xmlns:mods="http://www.loc.gov/mods/v3"
                 xmlns:dcterms="http://purl.org/dc/terms/"
                 xmlns:oasis="http://www.niso.org/standards/z39-96/ns/oasis-exchange/table"
                 xsi:schemaLocation="http://www.loc.gov/MARC21/slim http://www.loc.gov/standards/marcxml/schema/MARC21slim.xsd">
   <marc:record>
      <marc:leader>     nam  22     Ki 4500</marc:leader>
      <marc:controlfield tag="006">m     o  d        </marc:controlfield>
      <marc:controlfield tag="007">cr |||||||||||</marc:controlfield>
      <marc:controlfield tag="008">      s2020    flu     obm   000 0  d</marc:controlfield>
      <marc:datafield tag="040" ind1=" " ind2=" ">
         <marc:subfield code="a">FDA</marc:subfield>
         <marc:subfield code="b">eng</marc:subfield>
         <marc:subfield code="e">rda</marc:subfield>
         <marc:subfield code="c">FDA</marc:subfield>
      </marc:datafield>
      <marc:datafield tag="100" ind1="1" ind2=" ">
         <marc:subfield code="a">Adablah, Joel Elinam</marc:subfield>
         <marc:subfield code="e">author</marc:subfield>
      </marc:datafield>
      <marc:datafield tag="245" ind1="1" ind2="0">
         <marc:subfield code="a">Scalable Online Fluorescence-Based Techniques for Rapid, Parallel Hormone Detection on Microfluidic Platforms</marc:subfield>
         <marc:subfield code="c">Joel Elinam Adablah</marc:subfield>
      </marc:datafield>
      <marc:datafield tag="264" ind1=" " ind2="1">
         <marc:subfield code="a">Tallahassee, Florida :</marc:subfield>
         <marc:subfield code="b">Florida State University</marc:subfield>
         <marc:subfield code="c">2020</marc:subfield>
      </marc:datafield>
      <marc:datafield tag="300" ind1=" " ind2=" ">
         <marc:subfield code="a">1 online resource (103 pages)</marc:subfield>
      </marc:datafield>
      <marc:datafield tag="336" ind1=" " ind2=" ">
         <marc:subfield code="a">text</marc:subfield>
         <marc:subfield code="b">txt</marc:subfield>
         <marc:subfield code="2">rdacontent</marc:subfield>
      </marc:datafield>
      <marc:datafield tag="337" ind1=" " ind2=" ">
         <marc:subfield code="a">computer</marc:subfield>
         <marc:subfield code="b">c</marc:subfield>
         <marc:subfield code="2">rdamedia</marc:subfield>
      </marc:datafield>
      <marc:datafield tag="338" ind1=" " ind2=" ">
         <marc:subfield code="a">online resource</marc:subfield>
         <marc:subfield code="b">cr</marc:subfield>
         <marc:subfield code="2">rdacarrier</marc:subfield>
      </marc:datafield>
      <marc:datafield tag="347" ind1=" " ind2=" ">
         <marc:subfield code="a">text file</marc:subfield>
         <marc:subfield code="b">PDF</marc:subfield>
         <marc:subfield code="2">rda</marc:subfield>
      </marc:datafield>
      <marc:datafield tag="538" ind1=" " ind2=" ">
         <marc:subfield code="a">System requirements: Adobe Reader or other PDF viewer.</marc:subfield>
      </marc:datafield>
      <marc:datafield tag="588" ind1=" " ind2=" ">
         <marc:subfield code="a">Description based on online resource; title from PDF title page.</marc:subfield>
      </marc:datafield>
      <marc:datafield tag="500" ind1=" " ind2=" ">
         <marc:subfield code="a">Extent pagination is PDF page count.</marc:subfield>
      </marc:datafield>
      <marc:datafield tag="500" ind1=" " ind2=" ">
         <marc:subfield code="a">Advisory committee: Michael G. Roper, Professor Directing Dissertation; Debra Ann Fadool, University Representative; Geoffrey Strouse, Committee Member; Justin Kennemur, Committee Member.</marc:subfield>
      </marc:datafield>
      <marc:datafield tag="500" ind1=" " ind2=" ">
         <marc:subfield code="a">A Dissertation submitted to the Department of Chemistry and Biochemistry in partial fulfillment of the requirements for the degree of Doctor of Philosophy.</marc:subfield>
      </marc:datafield>
      <marc:datafield tag="500" ind1=" " ind2=" ">
         <marc:subfield code="a">Date of Defense: April 2, 2020</marc:subfield>
      </marc:datafield>
      <marc:datafield tag="502" ind1=" " ind2=" ">
         <marc:subfield code="b">Ph.D.</marc:subfield>
         <marc:subfield code="c">Florida State University</marc:subfield>
         <marc:subfield code="d">2020.</marc:subfield>
      </marc:datafield>
      <marc:datafield tag="520" ind1="3" ind2=" ">
         <marc:subfield code="a">In this dissertation, fluorescence and microfluidics-based methods to study biological dynamics of pancreatic islets of Langerhans are described. The approaches discussed are all able to house biological tissues and keep them viable throughout experiments, stimulate them with dynamic secretagogue patterns, and measure their biological responses rapidly and at high resolutions, all in one consolidated platform. Although the methods presented herein were initially developed for the study of pancreatic islet biology, it is expected that these systems are versatile and effective enough to be incorporated as tools for the study of other biological systems. Glucose-stimulated insulin secretion (GSIS) from pancreatic islets is the primary biological focus in this work. Pulsatile insulin secretion into the portal vein from the many pancreatic islets of Langerhans is critical for efficient glucose homeostasis. It was demonstrated that under constant glucose (11 mM), groups of islets in a PDMS (polydimethyl siloxane) islet chamber demonstrate asynchronous insulin oscillations which can be directly correlated to intracellular [Ca2+] ([Ca2+]i) in islet β-cells. Stimulation of these cells with the muscarinic agonist carbachol (CCh) promotes transient synchronization of glucose-induced oscillations of ([Ca2+]i). However, only short-term synchronizing effects of these muscarinic agonists have been reported previously in the literature. The entrainability of glucose-induced [Ca2+]i oscillations to rhythmic pulses of CCh on a longer timescale were explored in this project. A piezoelectrically actuated, pressure-driven fluid delivery system and a PDMS microfluidic device were used to stimulate murine islets with various CCh pulse patterns. Keeping the effective concentration and pulse period of CCh constant (~5.7 μM and 10 s, respectively), inter-pulse rest times were varied and islet activity was measured by [Ca2+]i fluorescence imaging using a Ca2+-sensitive fluorescence reporter, Fura-PE3 (Fura-PE3). For an entrainment mode of x:y, there were x [Ca2+]i peaks per y CCh pulse(s). Periodic CCh pulsing with rest times of 2 and 5 min entrained islets 1:1, although in some cases, the shorter rest time produced 2:1 entrainment, with islets oscillating at twice the CCh period. Rest times of 10 min resulted in 1:1, 1:2, and 1:3 entrainment patterns, depending on the natural oscillation frequencies of the islets. It was also demonstrated that randomly-spaced CCh pulses can synchronize islets, obviating the need for a periodic neural pacemaker to achieve islet synchronization. While [Ca2+]i imaging is sometimes an acceptable proxy measurement for insulin in these tissue assays, detection of insulin secretion dynamics in response to secretagogues are preferred. To enable rapid measurements of secretion dynamics from a single islet in a manner that will be convenient for implementation in non-specialized laboratories, an online fluorescence anisotropy competitive immunoassay for insulin on a microfluidic platform was developed. A squaraine rotaxane, SeTau-647, was used to label insulin as a fluorescence reporter in the competitive assay to quantitatively record dynamic insulin output. This fluorophore has a favorable lifetime (3.2 ns) and quantum efficiency (60%) compared to a more general use red dye like Cy5. Performing the assay with both dyes, the dynamic range using SeTau-647 was 45% greater than that with Cy5; S/N of fluorescence measurements using the squaraine rotaxane was 56% higher. This separations-free assay was then applied to monitor, for the first time, hormone release dynamics from groups of CCh-stimulated murine islets. The piezoelectrically controlled fluid perfusion system delivered 30 s long, 10 µM CCh pulses every 5 min into a glass chip housing groups of 4-5 islets in a 120 nL chamber. Compared to the previously used passive, gravity-driven perfusion system, this more robust and stable microfluidic system enhanced temporal resolution 3-fold to 36 ± 1 s, enough to elucidate insulin oscillation dynamics. With this methodology, distinct 5 min period insulin oscillations were observed indicating 1:1 entrainment by the CCh pulses. Without CCh, islets were unsynchronized resulting in diminished insulin pulsatility. These new insulin measurements support the hypothesis that islet synchronization is controlled by parasympathetic stimuli that periodically or aperiodically provide coordination through cholinergic signaling. The spectroscopic online assay is versatile and can be scaled to higher-throughput screening formats not only for insulin-based assays, but for other biologically significant signaling molecules such as glucagon and somatostatin., With this system, insulin antibody consumption is reduced from $66 for a triplicate hour-long insulin ELISA to $0.90 for a single 1 hour anisotropy experiment. The next phase of this homogeneous insulin-sensing system involved exploiting the scalability of the fluorescence anisotropy insulin measurement to develop building blocks for a high throughput assay through which online insulin measurements from single islets in parallel could be achieved on a single device. This approach has the potential to rapidly increase the rate and efficiency at which information about islet behavior in specific environments could be learned. Towards this, a radial microfluidic channel design was fabricated to house several islets in unique parallel chambers. A prototype device was made in PDMS to test the ability of the perfusion system to deliver predictable stimulus profiles to each islet in the radial design. For these proof of concept studies, the prototype, containing a more simplified channel network with 9 parallel islet chambers, was designed specifically for [Ca2+]i imaging. Initial step-change experiments with fluorescein isothiocyanate (FITC) showed the fluid delivery patterns to the radially distributed islet chambers in the PDMS device.</marc:subfield>
      </marc:datafield>
      <marc:datafield tag="504" ind1=" " ind2=" ">
         <marc:subfield code="a">Includes bibliographical references.</marc:subfield>
      </marc:datafield>
      <marc:datafield tag="650" ind1=" " ind2="0">
         <marc:subfield code="a">Chemistry, Analytic</marc:subfield>
      </marc:datafield>
      <marc:datafield tag="655" ind1=" " ind2="7">
         <marc:subfield code="a">Electronic Thesis or Dissertation.</marc:subfield>
         <marc:subfield code="2">dct</marc:subfield>
      </marc:datafield>
      <marc:datafield tag="690" ind1=" " ind2="7">
         <marc:subfield code="a">FSU Dissertations.</marc:subfield>
         <marc:subfield code="2">local</marc:subfield>
         <marc:subfield code="9">LOCAL</marc:subfield>
      </marc:datafield>
      <marc:datafield tag="710" ind1="2" ind2=" ">
         <marc:subfield code="a">Florida State University.</marc:subfield>
         <marc:subfield code="e">degree granting instution.</marc:subfield>
         <marc:subfield code="0">http://id.loc.gov/authorities/names/n80126238</marc:subfield>
      </marc:datafield>
      <marc:datafield tag="931" ind1="1" ind2=" ">
         <marc:subfield code="a">Roper, Michael Gabriel</marc:subfield>
         <marc:subfield code="e">professor directing dissertation</marc:subfield>
         <marc:subfield code="9">LOCAL</marc:subfield>
      </marc:datafield>
      <marc:datafield tag="931" ind1="1" ind2=" ">
         <marc:subfield code="a">Fadool, Debra Ann</marc:subfield>
         <marc:subfield code="e">university representative</marc:subfield>
         <marc:subfield code="9">LOCAL</marc:subfield>
      </marc:datafield>
      <marc:datafield tag="931" ind1="1" ind2=" ">
         <marc:subfield code="a">Strouse, Geoffrey F.</marc:subfield>
         <marc:subfield code="e">committee member</marc:subfield>
         <marc:subfield code="9">LOCAL</marc:subfield>
      </marc:datafield>
      <marc:datafield tag="931" ind1="1" ind2=" ">
         <marc:subfield code="a">Kennemur, Justin Glenn</marc:subfield>
         <marc:subfield code="e">committee member</marc:subfield>
         <marc:subfield code="9">LOCAL</marc:subfield>
      </marc:datafield>
      <marc:datafield tag="932" ind1="2" ind2=" ">
         <marc:subfield code="a">Department of Chemistry and Biochemistry.</marc:subfield>
         <marc:subfield code="9">LOCAL</marc:subfield>
      </marc:datafield>
      <marc:datafield tag="904" ind1=" " ind2=" ">
         <marc:subfield code="a">0</marc:subfield>
         <marc:subfield code="9">LOCAL</marc:subfield>
      </marc:datafield>
   </marc:record>