
   <marc:record>
      <marc:leader>     nam  22     Ki 4500</marc:leader>
      <marc:controlfield tag="006">m     o  d        </marc:controlfield>
      <marc:controlfield tag="007">cr |||||||||||</marc:controlfield>
      <marc:controlfield tag="008">      s2020    flu     obm   000 0  d</marc:controlfield>
      <marc:datafield tag="040" ind1=" " ind2=" ">
         <marc:subfield code="a">FDA</marc:subfield>
         <marc:subfield code="b">eng</marc:subfield>
         <marc:subfield code="e">rda</marc:subfield>
         <marc:subfield code="c">FDA</marc:subfield>
      </marc:datafield>
      <marc:datafield tag="100" ind1="1" ind2=" ">
         <marc:subfield code="a">Akinyemi, Shakiru Akin</marc:subfield>
         <marc:subfield code="e">author</marc:subfield>
      </marc:datafield>
      <marc:datafield tag="245" ind1="1" ind2="0">
         <marc:subfield code="a">Understanding Factors That Increase Citizens' Participation in Community Development Projects in Lagos, Nigeria</marc:subfield>
         <marc:subfield code="c">Shakiru Akin Akinyemi</marc:subfield>
      </marc:datafield>
      <marc:datafield tag="264" ind1=" " ind2="1">
         <marc:subfield code="a">Tallahassee, Florida :</marc:subfield>
         <marc:subfield code="b">Florida State University</marc:subfield>
         <marc:subfield code="c">2020</marc:subfield>
      </marc:datafield>
      <marc:datafield tag="300" ind1=" " ind2=" ">
         <marc:subfield code="a">1 online resource (350 pages)</marc:subfield>
      </marc:datafield>
      <marc:datafield tag="336" ind1=" " ind2=" ">
         <marc:subfield code="a">text</marc:subfield>
         <marc:subfield code="b">txt</marc:subfield>
         <marc:subfield code="2">rdacontent</marc:subfield>
      </marc:datafield>
      <marc:datafield tag="337" ind1=" " ind2=" ">
         <marc:subfield code="a">computer</marc:subfield>
         <marc:subfield code="b">c</marc:subfield>
         <marc:subfield code="2">rdamedia</marc:subfield>
      </marc:datafield>
      <marc:datafield tag="338" ind1=" " ind2=" ">
         <marc:subfield code="a">online resource</marc:subfield>
         <marc:subfield code="b">cr</marc:subfield>
         <marc:subfield code="2">rdacarrier</marc:subfield>
      </marc:datafield>
      <marc:datafield tag="347" ind1=" " ind2=" ">
         <marc:subfield code="a">text file</marc:subfield>
         <marc:subfield code="b">PDF</marc:subfield>
         <marc:subfield code="2">rda</marc:subfield>
      </marc:datafield>
      <marc:datafield tag="538" ind1=" " ind2=" ">
         <marc:subfield code="a">System requirements: Adobe Reader or other PDF viewer.</marc:subfield>
      </marc:datafield>
      <marc:datafield tag="588" ind1=" " ind2=" ">
         <marc:subfield code="a">Description based on online resource; title from PDF title page.</marc:subfield>
      </marc:datafield>
      <marc:datafield tag="500" ind1=" " ind2=" ">
         <marc:subfield code="a">Extent pagination is PDF page count.</marc:subfield>
      </marc:datafield>
      <marc:datafield tag="500" ind1=" " ind2=" ">
         <marc:subfield code="a">Advisory committee: Petra L. Doan, Professor Directing Dissertation; Ralph Brower, University Representative; Chris Coutts, Committee Member; John Felkner, Committee Member.</marc:subfield>
      </marc:datafield>
      <marc:datafield tag="500" ind1=" " ind2=" ">
         <marc:subfield code="a">A Dissertation submitted to the Department of Urban and Regional Planning in partial fulfillment of the requirements for the degree of Doctor of Philosophy.</marc:subfield>
      </marc:datafield>
      <marc:datafield tag="500" ind1=" " ind2=" ">
         <marc:subfield code="a">Date of Defense: March 27, 2020</marc:subfield>
      </marc:datafield>
      <marc:datafield tag="500" ind1=" " ind2=" ">
         <marc:subfield code="a">Keywords: Lagos, Nigeria, West Africa, NGO role and GIS use in Community Development, Participatory Planning, Self-help Community Development, Sustainable Development, Urban Planning</marc:subfield>
      </marc:datafield>
      <marc:datafield tag="502" ind1=" " ind2=" ">
         <marc:subfield code="b">Ph.D.</marc:subfield>
         <marc:subfield code="c">Florida State University</marc:subfield>
         <marc:subfield code="d">2020.</marc:subfield>
      </marc:datafield>
      <marc:datafield tag="520" ind1="3" ind2=" ">
         <marc:subfield code="a">Despite billions of dollars spent and hundreds of studies conducted, there seems to have been progress made in meeting the housing and infrastructures shortages in Less Developed Countries (LDCs) (Akinyemi, 1988; Scott, 1998; Easterly, 2006). Theoretical constructs such as culture, geography and institutions (Huntington, 2000; North et al, 2009; Vanessa Watson, 2002, 2013; Acemoglu &amp; Robinson, 2012) have not been able to explain this deficit. Few studies have provided empirical evidence of factors that encourage citizens of LDCs to participate in community development projects. The objective of this study is therefore to identify such key factors and use them to develop policy recommendations that, when applied would give citizens of marginalized communities more autonomy in the design and implementation of fiscally and environmentally sustainable community redevelopment projects. Using an explanatory sequential mixed methods research design—beginning with a quantitative survey of 1,202 residents of Lagos, Nigeria and followed by an in-depth qualitative interview of a subset of these residents and other stakeholders—this study has determined which of eleven independent variables significantly affect the willingness of residents to participate in self-help community development projects. The quantitative study found that when a citizen group is in-charge (hereby termed “The New Deal”), the following factors are positively correlated with willingness to participate in self-help community development projects: age, home ownership, their home’s physical condition, and the inclusion of their homes, drainage systems and road ways in the work being done. The number of years of residence is negatively correlated with willingness to participate. Education level shows no association to willingness to participate in this procurement modality. The study further found that the aforementioned willingnesses to participate is increased when community elders express support for, or corporations donate money to, the project. The level of participation is unchanged when the government encourage citizens to participate. When the government is in-charge (hereby referred to as “The Status Quo”), the result is similar (though less eagerly, see Table 5.4) for most of the explanatory variables, except education is now negatively correlated; road improvement and age now show no association to willingness to participate. The subsequent qualitative study offered further explanations in support of the above findings, as well as clarification of anomalous findings of the quantitative study. Grounded theory application in the qualitative study found water, electricity, and security provisions as additional factors that affect residents’ willingness to participate. The overarching conclusion of this research is that while residents are willing (to varying degrees) to participate in community redevelopment projects in all three procurement modalities examined (i.e. Citizen Group, Government, or NGO in-charge), they are more eager to do so when they are given significant control over the management and ownership of the project (i.e. Citizen Group in-charge). This conclusion and associated findings helped develop a conceptual framework for a transformational approach to community development in LDCs. The two key tenents of this conceptual policy framework are: a) A collaborative planning approach with pivotal roles for community elders; and b) Alternative funding sources that include leveraging residents’ buying power. These tenents formed a new paradigm for procuring community development projects nicknamed “The New Deal Paradigm.” Successful implementation of this study’s policy recommendations would empower communities in LDCs to self-initiate, self-fund, and self-implement holistic redevelopment of their homes and surroundings, thereby creating jobs, improving health, and in the process, improving the trajectory of individual lives. Key words: Self-help, Community Development, Participatory Planning, NGO, GIS, Sustainable Developments, Lagos, Nigeria, West Africa, Africa, Global South.</marc:subfield>
      </marc:datafield>
      <marc:datafield tag="504" ind1=" " ind2=" ">
         <marc:subfield code="a">Includes bibliographical references.</marc:subfield>
      </marc:datafield>
      <marc:datafield tag="650" ind1=" " ind2="0">
         <marc:subfield code="a">City planning</marc:subfield>
      </marc:datafield>
      <marc:datafield tag="650" ind1=" " ind2="0">
         <marc:subfield code="a">Public policy</marc:subfield>
      </marc:datafield>
      <marc:datafield tag="650" ind1=" " ind2="0">
         <marc:subfield code="a">Regional planning</marc:subfield>
      </marc:datafield>
      <marc:datafield tag="655" ind1=" " ind2="7">
         <marc:subfield code="a">Electronic Thesis or Dissertation.</marc:subfield>
         <marc:subfield code="2">dct</marc:subfield>
      </marc:datafield>
      <marc:datafield tag="690" ind1=" " ind2="7">
         <marc:subfield code="a">FSU Dissertations.</marc:subfield>
         <marc:subfield code="2">local</marc:subfield>
         <marc:subfield code="9">LOCAL</marc:subfield>
      </marc:datafield>
      <marc:datafield tag="710" ind1="2" ind2=" ">
         <marc:subfield code="a">Florida State University.</marc:subfield>
         <marc:subfield code="e">degree granting instution.</marc:subfield>
         <marc:subfield code="0">http://id.loc.gov/authorities/names/n80126238</marc:subfield>
      </marc:datafield>
      <marc:datafield tag="931" ind1="1" ind2=" ">
         <marc:subfield code="a">Doan, Petra L.</marc:subfield>
         <marc:subfield code="d">1955-</marc:subfield>
         <marc:subfield code="e">professor directing dissertation</marc:subfield>
         <marc:subfield code="9">LOCAL</marc:subfield>
      </marc:datafield>
      <marc:datafield tag="931" ind1="1" ind2=" ">
         <marc:subfield code="a">Brower, Ralph S.</marc:subfield>
         <marc:subfield code="e">university representative</marc:subfield>
         <marc:subfield code="9">LOCAL</marc:subfield>
      </marc:datafield>
      <marc:datafield tag="931" ind1="1" ind2=" ">
         <marc:subfield code="a">Coutts, Christopher</marc:subfield>
         <marc:subfield code="e">committee member</marc:subfield>
         <marc:subfield code="9">LOCAL</marc:subfield>
      </marc:datafield>
      <marc:datafield tag="931" ind1="1" ind2=" ">
         <marc:subfield code="a">Felkner, John</marc:subfield>
         <marc:subfield code="e">committee member</marc:subfield>
         <marc:subfield code="9">LOCAL</marc:subfield>
      </marc:datafield>
      <marc:datafield tag="932" ind1="2" ind2=" ">
         <marc:subfield code="a">Department of Urban and Regional Planning.</marc:subfield>
         <marc:subfield code="9">LOCAL</marc:subfield>
      </marc:datafield>
      <marc:datafield tag="904" ind1=" " ind2=" ">
         <marc:subfield code="a">0</marc:subfield>
         <marc:subfield code="9">LOCAL</marc:subfield>
      </marc:datafield>
   </marc:record>