
   <marc:record>
      <marc:leader>     nam  22     Ki 4500</marc:leader>
      <marc:controlfield tag="006">m     o  d        </marc:controlfield>
      <marc:controlfield tag="007">cr |||||||||||</marc:controlfield>
      <marc:controlfield tag="008">      s2020    flu     obm   000 0  d</marc:controlfield>
      <marc:datafield tag="040" ind1=" " ind2=" ">
         <marc:subfield code="a">FDA</marc:subfield>
         <marc:subfield code="b">eng</marc:subfield>
         <marc:subfield code="e">rda</marc:subfield>
         <marc:subfield code="c">FDA</marc:subfield>
      </marc:datafield>
      <marc:datafield tag="100" ind1="1" ind2=" ">
         <marc:subfield code="a">Ayad, Suliman Al-Hemali</marc:subfield>
         <marc:subfield code="e">author</marc:subfield>
      </marc:datafield>
      <marc:datafield tag="245" ind1="1" ind2="0">
         <marc:subfield code="a">Practical Applications of Excited State Proton Transfer :</marc:subfield>
         <marc:subfield code="b">From Super Acidity and Enantioenrichment to White Light Emission and
         Sensors</marc:subfield>
         <marc:subfield code="c">Suliman Al-Hemali Ayad</marc:subfield>
      </marc:datafield>
      <marc:datafield tag="264" ind1=" " ind2="1">
         <marc:subfield code="a">Tallahassee, Florida :</marc:subfield>
         <marc:subfield code="b">Florida State University</marc:subfield>
         <marc:subfield code="c">2020</marc:subfield>
      </marc:datafield>
      <marc:datafield tag="300" ind1=" " ind2=" ">
         <marc:subfield code="a">1 online resource (113 pages)</marc:subfield>
      </marc:datafield>
      <marc:datafield tag="336" ind1=" " ind2=" ">
         <marc:subfield code="a">text</marc:subfield>
         <marc:subfield code="b">txt</marc:subfield>
         <marc:subfield code="2">rdacontent</marc:subfield>
      </marc:datafield>
      <marc:datafield tag="337" ind1=" " ind2=" ">
         <marc:subfield code="a">computer</marc:subfield>
         <marc:subfield code="b">c</marc:subfield>
         <marc:subfield code="2">rdamedia</marc:subfield>
      </marc:datafield>
      <marc:datafield tag="338" ind1=" " ind2=" ">
         <marc:subfield code="a">online resource</marc:subfield>
         <marc:subfield code="b">cr</marc:subfield>
         <marc:subfield code="2">rdacarrier</marc:subfield>
      </marc:datafield>
      <marc:datafield tag="347" ind1=" " ind2=" ">
         <marc:subfield code="a">text file</marc:subfield>
         <marc:subfield code="b">PDF</marc:subfield>
         <marc:subfield code="2">rda</marc:subfield>
      </marc:datafield>
      <marc:datafield tag="538" ind1=" " ind2=" ">
         <marc:subfield code="a">System requirements: Adobe Reader or other PDF viewer.</marc:subfield>
      </marc:datafield>
      <marc:datafield tag="588" ind1=" " ind2=" ">
         <marc:subfield code="a">Description based on online resource; title from PDF title page.</marc:subfield>
      </marc:datafield>
      <marc:datafield tag="500" ind1=" " ind2=" ">
         <marc:subfield code="a">Extent pagination is PDF page count.</marc:subfield>
      </marc:datafield>
      <marc:datafield tag="500" ind1=" " ind2=" ">
         <marc:subfield code="a">Advisory committee: Kenneth Hanson, Professor Directing Dissertation; Steven Lenhert, University Representative; Igor Alabugin, Committee Member; Thomas Albrecht-Schmitt, Committee Member.</marc:subfield>
      </marc:datafield>
      <marc:datafield tag="500" ind1=" " ind2=" ">
         <marc:subfield code="a">A Dissertation submitted to the Department of Chemistry and Biochemistry in partial fulfillment of the requirements for the degree of Doctor of Philosophy.</marc:subfield>
      </marc:datafield>
      <marc:datafield tag="500" ind1=" " ind2=" ">
         <marc:subfield code="a">Date of Defense: March 31, 2020</marc:subfield>
      </marc:datafield>
      <marc:datafield tag="502" ind1=" " ind2=" ">
         <marc:subfield code="b">Ph.D.</marc:subfield>
         <marc:subfield code="c">Florida State University</marc:subfield>
         <marc:subfield code="d">2020.</marc:subfield>
      </marc:datafield>
      <marc:datafield tag="520" ind1="3" ind2=" ">
         <marc:subfield code="a">In the present work, excited state proton transfer (ESPT) was investigated for a variety of applications with two main areas of focus; its excited state super acidity and its uniquely large apparent Stokes shift. When a molecule absorbs a photon in enters an excited state in which the electron density of the molecule rearranges. In some molecules this electron density shift occurs away from a proton which causes the proton to become more labile and therefore more acidic. The increased acidity allows for proton transfer to occur either inter or intramolecularly. In the first chapter of this work intermolecular ESPT was used to enantioselectively protonate a silyl enol ether to generate a chiral cyclic ketone. Utilizing the axial chirality of Br-VANOL coupled with its ESPT capable aromatic alcohols, 1-phenyl-2-(trimethylsiloxy)cyclohexene was protonated to yield an enantiomeric excess (ee) of 35%. This property was extended to a variety of other silyl enol ethers to demonstrate the versatility of this method. During our investigations into this system we attempted to use BINOL, a compound with similar axial chirality to VANOL, but observed no ee under the same conditions. Later this was found to be the result of an excited state racemization process that occurs after BINOLs proton transfer. Further attempting to use ESPT to influence the chirality of atropisomeric compounds we coupled chiral auxiliary groups to BINOL then irradiated the molecule to induce the racemization event which was detrimental to our last system mentioned above. In the presence of a suitable proton acceptor irradiating BINOL causes ESPT to occur, and BINOL enters a planar excited state. From this planar excited state BINOL relaxes then rotates one direction or the other as it reenters the ground state. The addition of a chiral auxiliary group induces a preference for rotating in one direction over the other initially resulting in ee of 25% for our prototypical system. Perhaps the most interesting aspect of this work was that the ee of the molecule was found to be entirely dependent on the nature of the chiral auxiliary group, and that starting from any other ee of BINOL coupled to the same chiral auxiliary group yields the same ee. These results indicate the presence of a photostationary equilibrium ee. Changing the chiral auxiliary group to Boc protected phenylglycine yielded an ee of up to 63%. After the generation of the enantioenriched compound the chiral auxiliary group is easily cleaved by LiOH at room temperature to yield pure enantioenriched BINOL. The second half of this work is focused on the unique photophysical properties of ESIPT (excited state intramolecular proton transfer), most notably its potentially large apparent Stokes shift. When a fluorophore undergoes ESIPT the electron density shifts away from the proton containing moiety and towards a proton accepting moiety. The result of this reorganization is that the fluorophores tautomerizes into a “keto” form. From this keto state it may relax to the ground state by emitting a photon which can be red shifted by hundreds of nanometers which presents as an apparent stokes shift. Our first application of this feature was to utilize ESIPT dyes in a metal organic framework (MOF) to generate different colored emissive materials. By varying ratios of the R, G, and B linkers we were able to create a variety of different colored emissive materials including several shades of white with high color rendering index. The final chapter of this work utilizes this same ESIPT apparent stokes shift as a highly versatile sensor for detection of metal ions and hydrazine. By designing a fluorophore with a chelating moiety, we observed large spectral shifts when metal ions were successfully bound to the fluorophore. The changes to the photophysical properties was found to be dependent upon which MII ion was bound. Most notably ZnII was found to increase the quantum yield (QY) of this molecule to a maximum of 60%. When the ESIPT active positions were protected the emission was turned off, allowing it to then be turned back on with a suitable cleaving agent. This allowed for the rapid visual detection of hydrazine.</marc:subfield>
      </marc:datafield>
      <marc:datafield tag="504" ind1=" " ind2=" ">
         <marc:subfield code="a">Includes bibliographical references.</marc:subfield>
      </marc:datafield>
      <marc:datafield tag="506" ind1=" " ind2=" ">
         <marc:subfield code="a">This thesis/dissertation may be embargoed for a limited time. Click access link to check availability.</marc:subfield>
      </marc:datafield>
      <marc:datafield tag="650" ind1=" " ind2="0">
         <marc:subfield code="a">Materials science</marc:subfield>
      </marc:datafield>
      <marc:datafield tag="655" ind1=" " ind2="7">
         <marc:subfield code="a">Electronic Thesis or Dissertation.</marc:subfield>
         <marc:subfield code="2">dct</marc:subfield>
      </marc:datafield>
      <marc:datafield tag="690" ind1=" " ind2="7">
         <marc:subfield code="a">FSU Dissertations.</marc:subfield>
         <marc:subfield code="2">local</marc:subfield>
         <marc:subfield code="9">LOCAL</marc:subfield>
      </marc:datafield>
      <marc:datafield tag="710" ind1="2" ind2=" ">
         <marc:subfield code="a">Florida State University.</marc:subfield>
         <marc:subfield code="e">degree granting instution.</marc:subfield>
         <marc:subfield code="0">http://id.loc.gov/authorities/names/n80126238</marc:subfield>
      </marc:datafield>
      <marc:datafield tag="931" ind1="1" ind2=" ">
         <marc:subfield code="a">Hanson, Kenneth G.</marc:subfield>
         <marc:subfield code="e">professor directing dissertation</marc:subfield>
         <marc:subfield code="9">LOCAL</marc:subfield>
      </marc:datafield>
      <marc:datafield tag="931" ind1="1" ind2=" ">
         <marc:subfield code="a">Lenhert, Steven John</marc:subfield>
         <marc:subfield code="e">university representative</marc:subfield>
         <marc:subfield code="9">LOCAL</marc:subfield>
      </marc:datafield>
      <marc:datafield tag="931" ind1="1" ind2=" ">
         <marc:subfield code="a">Alabugin, Igor V.</marc:subfield>
         <marc:subfield code="c">(Professor)</marc:subfield>
         <marc:subfield code="e">committee member</marc:subfield>
         <marc:subfield code="9">LOCAL</marc:subfield>
      </marc:datafield>
      <marc:datafield tag="931" ind1="1" ind2=" ">
         <marc:subfield code="a">Albrecht-Schmitt, Thomas E.</marc:subfield>
         <marc:subfield code="e">committee member</marc:subfield>
         <marc:subfield code="9">LOCAL</marc:subfield>
      </marc:datafield>
      <marc:datafield tag="932" ind1="2" ind2=" ">
         <marc:subfield code="a">Department of Chemistry and Biochemistry.</marc:subfield>
         <marc:subfield code="9">LOCAL</marc:subfield>
      </marc:datafield>
      <marc:datafield tag="904" ind1=" " ind2=" ">
         <marc:subfield code="a">4</marc:subfield>
         <marc:subfield code="9">LOCAL</marc:subfield>
      </marc:datafield>
   </marc:record>