
   <marc:record>
      <marc:leader>     nam  22     Ki 4500</marc:leader>
      <marc:controlfield tag="006">m     o  d        </marc:controlfield>
      <marc:controlfield tag="007">cr |||||||||||</marc:controlfield>
      <marc:controlfield tag="008">      s2020    flu     obm   000 0  d</marc:controlfield>
      <marc:datafield tag="040" ind1=" " ind2=" ">
         <marc:subfield code="a">FDA</marc:subfield>
         <marc:subfield code="b">eng</marc:subfield>
         <marc:subfield code="e">rda</marc:subfield>
         <marc:subfield code="c">FDA</marc:subfield>
      </marc:datafield>
      <marc:datafield tag="100" ind1="1" ind2=" ">
         <marc:subfield code="a">Berthiaume, Kelly Carmelita</marc:subfield>
         <marc:subfield code="e">author</marc:subfield>
      </marc:datafield>
      <marc:datafield tag="245" ind1="1" ind2="0">
         <marc:subfield code="a">Children's Development of Learning-Related Cognitions :</marc:subfield>
         <marc:subfield code="b">The Influence of Parents' Socialization and Contextual Factors</marc:subfield>
         <marc:subfield code="c">Kelly Carmelita Berthiaume</marc:subfield>
      </marc:datafield>
      <marc:datafield tag="264" ind1=" " ind2="1">
         <marc:subfield code="a">Tallahassee, Florida :</marc:subfield>
         <marc:subfield code="b">Florida State University</marc:subfield>
         <marc:subfield code="c">2020</marc:subfield>
      </marc:datafield>
      <marc:datafield tag="300" ind1=" " ind2=" ">
         <marc:subfield code="a">1 online resource (138 pages)</marc:subfield>
      </marc:datafield>
      <marc:datafield tag="336" ind1=" " ind2=" ">
         <marc:subfield code="a">text</marc:subfield>
         <marc:subfield code="b">txt</marc:subfield>
         <marc:subfield code="2">rdacontent</marc:subfield>
      </marc:datafield>
      <marc:datafield tag="337" ind1=" " ind2=" ">
         <marc:subfield code="a">computer</marc:subfield>
         <marc:subfield code="b">c</marc:subfield>
         <marc:subfield code="2">rdamedia</marc:subfield>
      </marc:datafield>
      <marc:datafield tag="338" ind1=" " ind2=" ">
         <marc:subfield code="a">online resource</marc:subfield>
         <marc:subfield code="b">cr</marc:subfield>
         <marc:subfield code="2">rdacarrier</marc:subfield>
      </marc:datafield>
      <marc:datafield tag="347" ind1=" " ind2=" ">
         <marc:subfield code="a">text file</marc:subfield>
         <marc:subfield code="b">PDF</marc:subfield>
         <marc:subfield code="2">rda</marc:subfield>
      </marc:datafield>
      <marc:datafield tag="538" ind1=" " ind2=" ">
         <marc:subfield code="a">System requirements: Adobe Reader or other PDF viewer.</marc:subfield>
      </marc:datafield>
      <marc:datafield tag="588" ind1=" " ind2=" ">
         <marc:subfield code="a">Description based on online resource; title from PDF title page.</marc:subfield>
      </marc:datafield>
      <marc:datafield tag="500" ind1=" " ind2=" ">
         <marc:subfield code="a">Extent pagination is PDF page count.</marc:subfield>
      </marc:datafield>
      <marc:datafield tag="500" ind1=" " ind2=" ">
         <marc:subfield code="a">Advisory committee: Joseph Grzywacz, Professor Directing Dissertation; Steven Pfeiffer, University Representative; Ming Cui, Committee Member; Lenore McWey, Committee Member.</marc:subfield>
      </marc:datafield>
      <marc:datafield tag="500" ind1=" " ind2=" ">
         <marc:subfield code="a">A Dissertation submitted to the Department of Family and Child Sciences in partial fulfillment of the requirements for the degree of Doctor of Philosophy.</marc:subfield>
      </marc:datafield>
      <marc:datafield tag="500" ind1=" " ind2=" ">
         <marc:subfield code="a">Date of Defense: March 26, 2020</marc:subfield>
      </marc:datafield>
      <marc:datafield tag="500" ind1=" " ind2=" ">
         <marc:subfield code="a">Keywords: implicit theories of intelligence, intergenerational transmission, parent socialization, parent-child relationships</marc:subfield>
      </marc:datafield>
      <marc:datafield tag="502" ind1=" " ind2=" ">
         <marc:subfield code="b">Ph.D.</marc:subfield>
         <marc:subfield code="c">Florida State University</marc:subfield>
         <marc:subfield code="d">2020.</marc:subfield>
      </marc:datafield>
      <marc:datafield tag="520" ind1="3" ind2=" ">
         <marc:subfield code="a">The overall goal of the current dissertation is to improve understanding of how parents’ socialization and contextual factors influence children’s development of learning-related cognitions, particularly implicit theories of intelligence and failure mindsets. To achieve this goal, the present dissertation replicated a study that was originally conducted with parent-child dyads from a non-rural community with parent-child dyads living in a rural community (Haimovitz &amp; Dweck, 2016). Using the data from the original study and the replicated study, this dissertation is comprised of two studies which examine how parents’ and children’s learning-related cognitions, children’s perceptions of parents’ learning-related cognitions, and contextual factors are interrelated. Study 1 tested core ideas from emerging theories of intergenerational transmission to document the accuracy of children’s perceptions of parents’ implicit theories of intelligence and failure mindsets and determine if the link between parents and children’s implicit theories of intelligence I and failure mindsets is explained by the accuracy of children’s perceptions of parents’ implicit theories of intelligence and failure mindsets. Study 1 considered if any of these linkages differ by family structure, parents’ level of education, and child’s gender. Overall, findings did not support that intergenerational transmission of learning-related cognitions occurred between parents and children for both implicit theories of intelligence and failure mindsets via the theoretical framework presented. Our results indicated a direct link between parents’ and children’s learning-related cognitions, which connotes some intergenerational transmission, albeit small in magnitude. Thus, our findings reject the premise that children’s accurate appraisal of mothers’ learning-related cognitions is an essential step in explaining the process of intergenerational transmission of learning-related cognitions. The results point to the importance of children’s perceptions of parents’ learning-related cognitions in the process of intergenerational transmission of learning-related cognitions. No latent mean differences emerged in mother’s learning-related cognitions, children’s perceptions of mothers’ learning-related cognitions, and children’s learning-related cognitions scores across all contextual factors. Statistical tests indicated no significant differences between correlation and regression coefficients across selected contextual factors, yet some noteworthy contextual differences emerged. Study 2 determined the potential role of parents’ failure mindsets, or beliefs about the experience and consequences of failure (Haimovitz &amp; Dweck, 2016), in linking parents’ and children’s implicit theories of intelligence. Additionally, informed by human ecological theory (Bronfenbrenner, 2001) which argues that “context matters” this study explores the potential modifying effects of selected contextual factors (e.g., community type and gender) on associations of parents’ implicit theories of intelligence and failure mindsets with children’s implicit theories of intelligence. The primary finding of this study is that that parents’ failure mindsets explained a portion of the relationship between parents’ implicit theories of intelligence and children’s implicit theories of intelligence through complementary mediation in conjunction with other possible mediators not included in the present study for the entire sample and across community type, child’s gender, and parents’ gender. Observed differences in parents’ implicit theories of intelligence, parents’ failure mindsets, and children’s implicit theories of intelligence across community type, child’s gender, and parents’ gender were documented.</marc:subfield>
      </marc:datafield>
      <marc:datafield tag="504" ind1=" " ind2=" ">
         <marc:subfield code="a">Includes bibliographical references.</marc:subfield>
      </marc:datafield>
      <marc:datafield tag="506" ind1=" " ind2=" ">
         <marc:subfield code="a">This thesis/dissertation may be embargoed for a limited time. Click access link to check availability.</marc:subfield>
      </marc:datafield>
      <marc:datafield tag="650" ind1=" " ind2="0">
         <marc:subfield code="a">Developmental psychology</marc:subfield>
      </marc:datafield>
      <marc:datafield tag="655" ind1=" " ind2="7">
         <marc:subfield code="a">Electronic Thesis or Dissertation.</marc:subfield>
         <marc:subfield code="2">dct</marc:subfield>
      </marc:datafield>
      <marc:datafield tag="690" ind1=" " ind2="7">
         <marc:subfield code="a">FSU Dissertations.</marc:subfield>
         <marc:subfield code="2">local</marc:subfield>
         <marc:subfield code="9">LOCAL</marc:subfield>
      </marc:datafield>
      <marc:datafield tag="710" ind1="2" ind2=" ">
         <marc:subfield code="a">Florida State University.</marc:subfield>
         <marc:subfield code="e">degree granting instution.</marc:subfield>
         <marc:subfield code="0">http://id.loc.gov/authorities/names/n80126238</marc:subfield>
      </marc:datafield>
      <marc:datafield tag="931" ind1="1" ind2=" ">
         <marc:subfield code="a">Grzywacz, Joseph G.</marc:subfield>
         <marc:subfield code="e">professor directing dissertation</marc:subfield>
         <marc:subfield code="9">LOCAL</marc:subfield>
      </marc:datafield>
      <marc:datafield tag="931" ind1="1" ind2=" ">
         <marc:subfield code="a">Pfeiffer, Steven I.</marc:subfield>
         <marc:subfield code="e">university representative</marc:subfield>
         <marc:subfield code="9">LOCAL</marc:subfield>
      </marc:datafield>
      <marc:datafield tag="931" ind1="1" ind2=" ">
         <marc:subfield code="a">Cui, Ming</marc:subfield>
         <marc:subfield code="d">1971-</marc:subfield>
         <marc:subfield code="e">committee member</marc:subfield>
         <marc:subfield code="9">LOCAL</marc:subfield>
      </marc:datafield>
      <marc:datafield tag="931" ind1="1" ind2=" ">
         <marc:subfield code="a">McWey, Lenore M.</marc:subfield>
         <marc:subfield code="e">committee member</marc:subfield>
         <marc:subfield code="9">LOCAL</marc:subfield>
      </marc:datafield>
      <marc:datafield tag="932" ind1="2" ind2=" ">
         <marc:subfield code="a">Department of Family and Child Sciences.</marc:subfield>
         <marc:subfield code="9">LOCAL</marc:subfield>
      </marc:datafield>
      <marc:datafield tag="904" ind1=" " ind2=" ">
         <marc:subfield code="a">4</marc:subfield>
         <marc:subfield code="9">LOCAL</marc:subfield>
      </marc:datafield>
   </marc:record>