
   <marc:record>
      <marc:leader>     nam  22     Ki 4500</marc:leader>
      <marc:controlfield tag="006">m     o  d        </marc:controlfield>
      <marc:controlfield tag="007">cr |||||||||||</marc:controlfield>
      <marc:controlfield tag="008">      s2020    flu     obm   000 0  d</marc:controlfield>
      <marc:datafield tag="040" ind1=" " ind2=" ">
         <marc:subfield code="a">FDA</marc:subfield>
         <marc:subfield code="b">eng</marc:subfield>
         <marc:subfield code="e">rda</marc:subfield>
         <marc:subfield code="c">FDA</marc:subfield>
      </marc:datafield>
      <marc:datafield tag="100" ind1="1" ind2=" ">
         <marc:subfield code="a">Bradley, Brandi</marc:subfield>
         <marc:subfield code="e">author</marc:subfield>
      </marc:datafield>
      <marc:datafield tag="245" ind1="1" ind2="0">
         <marc:subfield code="a">Mothers of the Missing Mermaid</marc:subfield>
         <marc:subfield code="c">Brandi Bradley</marc:subfield>
      </marc:datafield>
      <marc:datafield tag="264" ind1=" " ind2="1">
         <marc:subfield code="a">Tallahassee, Florida :</marc:subfield>
         <marc:subfield code="b">Florida State University</marc:subfield>
         <marc:subfield code="c">2020</marc:subfield>
      </marc:datafield>
      <marc:datafield tag="300" ind1=" " ind2=" ">
         <marc:subfield code="a">1 online resource (334 pages)</marc:subfield>
      </marc:datafield>
      <marc:datafield tag="336" ind1=" " ind2=" ">
         <marc:subfield code="a">text</marc:subfield>
         <marc:subfield code="b">txt</marc:subfield>
         <marc:subfield code="2">rdacontent</marc:subfield>
      </marc:datafield>
      <marc:datafield tag="337" ind1=" " ind2=" ">
         <marc:subfield code="a">computer</marc:subfield>
         <marc:subfield code="b">c</marc:subfield>
         <marc:subfield code="2">rdamedia</marc:subfield>
      </marc:datafield>
      <marc:datafield tag="338" ind1=" " ind2=" ">
         <marc:subfield code="a">online resource</marc:subfield>
         <marc:subfield code="b">cr</marc:subfield>
         <marc:subfield code="2">rdacarrier</marc:subfield>
      </marc:datafield>
      <marc:datafield tag="347" ind1=" " ind2=" ">
         <marc:subfield code="a">text file</marc:subfield>
         <marc:subfield code="b">PDF</marc:subfield>
         <marc:subfield code="2">rda</marc:subfield>
      </marc:datafield>
      <marc:datafield tag="538" ind1=" " ind2=" ">
         <marc:subfield code="a">System requirements: Adobe Reader or other PDF viewer.</marc:subfield>
      </marc:datafield>
      <marc:datafield tag="588" ind1=" " ind2=" ">
         <marc:subfield code="a">Description based on online resource; title from PDF title page.</marc:subfield>
      </marc:datafield>
      <marc:datafield tag="500" ind1=" " ind2=" ">
         <marc:subfield code="a">Extent pagination is PDF page count.</marc:subfield>
      </marc:datafield>
      <marc:datafield tag="500" ind1=" " ind2=" ">
         <marc:subfield code="a">Advisory committee: Elizabeth Stuckey-French, Professor Directing Dissertation; Lisa R. Wakamiya, University Representative; Barry J. Faulk, Committee Member; Celia R. Caputi, Committee Member.</marc:subfield>
      </marc:datafield>
      <marc:datafield tag="500" ind1=" " ind2=" ">
         <marc:subfield code="a">A Dissertation submitted to the Department of English in partial fulfillment of the requirements for the degree of Doctor of Philosophy.</marc:subfield>
      </marc:datafield>
      <marc:datafield tag="500" ind1=" " ind2=" ">
         <marc:subfield code="a">Date of Defense: February 21, 2020</marc:subfield>
      </marc:datafield>
      <marc:datafield tag="502" ind1=" " ind2=" ">
         <marc:subfield code="b">Ph.D.</marc:subfield>
         <marc:subfield code="c">Florida State University</marc:subfield>
         <marc:subfield code="d">2020.</marc:subfield>
      </marc:datafield>
      <marc:datafield tag="520" ind1="3" ind2=" ">
         <marc:subfield code="a">The inspiration for this novel is rooted in the social protocols surrounding who is allowed to mother a child and explores a protagonist who challenges that system. I wanted to explore the radical idea of a teenage girl kidnapping a baby—a neglected niece—and how she avoided capture. My intention was to craft a loving relationship between the primary characters Kate and Bea while also exploring the severity of the crime. Kate stole Bea. She committed a crime that would justify punishment. While the book is based on a crime, the intent was not to sensationalize, glorify or even examine the criminal act. Instead, the focus is on what happens afterward: coping with the guilt and justification of actions, recovery once justice has been issued, and moving into adulthood with the knowledge that one's childhood has been based on a lie. In the past ten years, news outlets have reported cases of child abductions where the teen or adult child had discovered their own kidnapping. Carlina White found a photo of herself on the National Center for Missing and Exploited Children after she became suspicious when her "mother" failed to produce a birth certificate. The courts sentenced her "mother," Ann Pettway, to 12 years in prison in 2012 (Kleinfield 16). Alexis Manigo discovered her own kidnapping when she tried to apply for a job and did not have a correct social security number. Her "mother", Gloria Williams, is still on trial but could get life in prison. In an interview with The New York Times in January 2017, Manigo said she never suspected anything and only felt love for the woman who raised her (Robles A10). These types of cases of missing children are still under investigation and prosecuted even almost twenty years after the abduction of the child. Kidnapping laws in the United States become federal cases once an abductor transports a child over state lines, and minimum sentencing is twenty years. I’ve chosen to write the events of the crime to occur in 1973 before alerts about missing children would have been national news. Because the plot of the novel centers around the abduction of a child, it explores themes regarding motherhood and expectations of mothers both inside and outside the family. The story focuses on two women who both love a child and never learned how to develop and maintain supportive female friendships and, as a result, develop a fierce rivalry. In Adrienne Rich's essay "Compulsory Heterosexuality and Lesbian Existence," she explains that the assumption that all relationships are heterosexual establishes a system which conditions women to expect the inevitability of dependence upon a man, and this inevitability implies that female friendships past the age of puberty are superfluous. “The denial of reality and visibility to women's passion for women, women's choice of women as allies, life companions and community, the forcing of such relationships into dissimulation and their disintegration under intense pressure have meant an incalculable loss to the power of all women to change the social relations of the sexes, to liberate ourselves and each other. (1607) Women cannot band together to change the system which oppresses them if they do not create healthy allies to confront that system. I am also interested in exploring the scope of how women’s sexism—assuming the superiority of men and the subservience to men— influences their decisions. In the text, Feminism is for Everybody, bell hooks examined how a patriarchal system contributes to male arrested development. Men indulged by the women who support them cannot mature. “Patriarchal masculinity encourages men to be pathologically narcissistic, infantile, and psychologically dependent on the privileges (however relative) that they receive simply for having been born male” (70). The arrested development comes from entitlement as well as the women who protect that male entitlement. Women who protect the patriarchy have an inability to support other women. According to hooks, women can only create strong bonds with other women “by confronting the ways women – through sex, class, and race – dominated and exploited other women” (3). Until women come to terms with their own domination of other women, they cannot form strong female friendships. Kidnapping another woman’s child would be an act of domination linked to the expectations associated with the role of mother. Essentially, I’m proposing a story about two women in a battle for dominance over a child under the umbrella term of “motherhood”, and by exploring “mommy-shaming,” I will reveal how patriarchal concepts limit women’s ability to support other women. Overall, this dissertation’s intent is to create fiction that utilizes narrative to show the nuances of motherhood, an empathic viewpoint of the execution of a crime, and how female relationships are necessary for psychological survival. Through extensive research and execution of craft, this novel will present rich characters and spark a conversation about how women treat other women.</marc:subfield>
      </marc:datafield>
      <marc:datafield tag="504" ind1=" " ind2=" ">
         <marc:subfield code="a">Includes bibliographical references.</marc:subfield>
      </marc:datafield>
      <marc:datafield tag="506" ind1=" " ind2=" ">
         <marc:subfield code="a">This thesis/dissertation may be embargoed for a limited time. Click access link to check availability.</marc:subfield>
      </marc:datafield>
      <marc:datafield tag="655" ind1=" " ind2="7">
         <marc:subfield code="a">Electronic Thesis or Dissertation.</marc:subfield>
         <marc:subfield code="2">dct</marc:subfield>
      </marc:datafield>
      <marc:datafield tag="690" ind1=" " ind2="7">
         <marc:subfield code="a">FSU Dissertations.</marc:subfield>
         <marc:subfield code="2">local</marc:subfield>
         <marc:subfield code="9">LOCAL</marc:subfield>
      </marc:datafield>
      <marc:datafield tag="710" ind1="2" ind2=" ">
         <marc:subfield code="a">Florida State University.</marc:subfield>
         <marc:subfield code="e">degree granting instution.</marc:subfield>
         <marc:subfield code="0">http://id.loc.gov/authorities/names/n80126238</marc:subfield>
      </marc:datafield>
      <marc:datafield tag="931" ind1="1" ind2=" ">
         <marc:subfield code="a">Stuckey-French, Elizabeth</marc:subfield>
         <marc:subfield code="e">professor directing dissertation</marc:subfield>
         <marc:subfield code="9">LOCAL</marc:subfield>
      </marc:datafield>
      <marc:datafield tag="931" ind1="1" ind2=" ">
         <marc:subfield code="a">Wakamiya, Lisa Ryoko</marc:subfield>
         <marc:subfield code="d">1969-</marc:subfield>
         <marc:subfield code="e">university representative</marc:subfield>
         <marc:subfield code="9">LOCAL</marc:subfield>
      </marc:datafield>
      <marc:datafield tag="931" ind1="1" ind2=" ">
         <marc:subfield code="a">Faulk, Barry J.</marc:subfield>
         <marc:subfield code="e">committee member</marc:subfield>
         <marc:subfield code="9">LOCAL</marc:subfield>
      </marc:datafield>
      <marc:datafield tag="931" ind1="1" ind2=" ">
         <marc:subfield code="a">Caputi, Celia R.</marc:subfield>
         <marc:subfield code="e">committee member</marc:subfield>
         <marc:subfield code="9">LOCAL</marc:subfield>
      </marc:datafield>
      <marc:datafield tag="932" ind1="2" ind2=" ">
         <marc:subfield code="a">Department of English.</marc:subfield>
         <marc:subfield code="9">LOCAL</marc:subfield>
      </marc:datafield>
      <marc:datafield tag="904" ind1=" " ind2=" ">
         <marc:subfield code="a">4</marc:subfield>
         <marc:subfield code="9">LOCAL</marc:subfield>
      </marc:datafield>
   </marc:record>