
   <marc:record>
      <marc:leader>     nam  22     Ki 4500</marc:leader>
      <marc:controlfield tag="006">m     o  d        </marc:controlfield>
      <marc:controlfield tag="007">cr |||||||||||</marc:controlfield>
      <marc:controlfield tag="008">      s2020    flu     obm   000 0  d</marc:controlfield>
      <marc:datafield tag="040" ind1=" " ind2=" ">
         <marc:subfield code="a">FDA</marc:subfield>
         <marc:subfield code="b">eng</marc:subfield>
         <marc:subfield code="e">rda</marc:subfield>
         <marc:subfield code="c">FDA</marc:subfield>
      </marc:datafield>
      <marc:datafield tag="100" ind1="1" ind2=" ">
         <marc:subfield code="a">Cecil-Lemkin, Ellen Marie</marc:subfield>
         <marc:subfield code="e">author</marc:subfield>
      </marc:datafield>
      <marc:datafield tag="245" ind1="1" ind2="0">
         <marc:subfield code="a">Including Disability in Collaborative Writing Pedagogy</marc:subfield>
         <marc:subfield code="c">Ellen Cecil-Lemkin</marc:subfield>
      </marc:datafield>
      <marc:datafield tag="264" ind1=" " ind2="1">
         <marc:subfield code="a">Tallahassee, Florida :</marc:subfield>
         <marc:subfield code="b">Florida State University</marc:subfield>
         <marc:subfield code="c">2020</marc:subfield>
      </marc:datafield>
      <marc:datafield tag="300" ind1=" " ind2=" ">
         <marc:subfield code="a">1 online resource (179 pages)</marc:subfield>
      </marc:datafield>
      <marc:datafield tag="336" ind1=" " ind2=" ">
         <marc:subfield code="a">text</marc:subfield>
         <marc:subfield code="b">txt</marc:subfield>
         <marc:subfield code="2">rdacontent</marc:subfield>
      </marc:datafield>
      <marc:datafield tag="337" ind1=" " ind2=" ">
         <marc:subfield code="a">computer</marc:subfield>
         <marc:subfield code="b">c</marc:subfield>
         <marc:subfield code="2">rdamedia</marc:subfield>
      </marc:datafield>
      <marc:datafield tag="338" ind1=" " ind2=" ">
         <marc:subfield code="a">online resource</marc:subfield>
         <marc:subfield code="b">cr</marc:subfield>
         <marc:subfield code="2">rdacarrier</marc:subfield>
      </marc:datafield>
      <marc:datafield tag="347" ind1=" " ind2=" ">
         <marc:subfield code="a">text file</marc:subfield>
         <marc:subfield code="b">PDF</marc:subfield>
         <marc:subfield code="2">rda</marc:subfield>
      </marc:datafield>
      <marc:datafield tag="538" ind1=" " ind2=" ">
         <marc:subfield code="a">System requirements: Adobe Reader or other PDF viewer.</marc:subfield>
      </marc:datafield>
      <marc:datafield tag="588" ind1=" " ind2=" ">
         <marc:subfield code="a">Description based on online resource; title from PDF title page.</marc:subfield>
      </marc:datafield>
      <marc:datafield tag="500" ind1=" " ind2=" ">
         <marc:subfield code="a">Extent pagination is PDF page count.</marc:subfield>
      </marc:datafield>
      <marc:datafield tag="500" ind1=" " ind2=" ">
         <marc:subfield code="a">Advisory committee: Michael Neal, Professor Directing Dissertation; Donna Nudd, University Representative; Kristie Fleckenstein, Committee Member; Rhea Estelle Lathan, Committee Member.</marc:subfield>
      </marc:datafield>
      <marc:datafield tag="500" ind1=" " ind2=" ">
         <marc:subfield code="a">A Dissertation submitted to the Department of English in partial fulfillment of the requirements for the degree of Doctor of Philosophy.</marc:subfield>
      </marc:datafield>
      <marc:datafield tag="500" ind1=" " ind2=" ">
         <marc:subfield code="a">Date of Defense: March 30, 2020</marc:subfield>
      </marc:datafield>
      <marc:datafield tag="500" ind1=" " ind2=" ">
         <marc:subfield code="a">Keywords: collaboration, disability, neurodivergence, team writing, writing</marc:subfield>
      </marc:datafield>
      <marc:datafield tag="502" ind1=" " ind2=" ">
         <marc:subfield code="b">Ph.D.</marc:subfield>
         <marc:subfield code="c">Florida State University</marc:subfield>
         <marc:subfield code="d">2020.</marc:subfield>
      </marc:datafield>
      <marc:datafield tag="520" ind1="3" ind2=" ">
         <marc:subfield code="a">Scholarship on collaboration has long extolled its benefits, which include developing student awareness of audience (Howard, 2001; Newkirk, 1984), promoting better writing (Bruffee, 1984; Foote, 1998), promoting increased understanding of the topic (Bruffee, 1984; Wolfe, 2005), and developing crucial social skills (Bruffee, 1984; Foote, 1998; Smith &amp; MacGregor, 1992; Trimbur, 1989). The scholarly conversation on collaboration began with the field’s shift towards the social turn (see Bruffee, 1984; Cooper, 1986; Faigley, 1992; LeFevre, 1987; Lunsford &amp; Ede, 1990; Reither &amp; Vipond, 1989). Kenneth Bruffee (1984) famously articulated “To think well as individuals we must learn to think well collectively—that is, we must learn to converse well,” emphasizing the importance of collaborative learning in the writing classroom. For the most part, we have assumed that collaboration is an implicit skill that students know and value in classroom spaces, and as a result, we have not yet complicated our understanding with the perspectives of disabled students. By disregarding this population of students, the unspoken assumption is that all students are nondisabled and that collaboration is universally accessible. However, as nearly 11% of our national student population reports a disability, this is not representative of our student population (National Center for Education Statistics, 2009). Consequently, we have under theorized and studied the ways disabled students grapple with collaboration. This dissertation addresses this gap beginning to investigate neurodivergent students’ experiences with collaborative writing. Neurodivergence is commonly defined as neurological functioning that diverges from societal norms (e.g. depression, autism, attention deficit disorder, dyslexia, etc.) (Walker, 2014). This subset of disabled students is important to study for two reasons. First, scholarship on disability tends to focus on physical, apparent disabilities (e.g. blindness, deafness, mobility impairments, etc.) over nonapparent, nonphysical disabilities. Second, the majority of student disabilities are related to neurodivergence (United States Government Accountability Office, 2009). By considering disabled students’ experiences in our pedagogical approaches, individual instructors can become advocates and activists in their classrooms by creating more inclusive and accessible educational spaces. To guide my exploration into this topic, I outlined five research questions: (1) What do students self-report regarding their experiences working on collaborative writing assignments? (2) What strategies do neurodivergent students report employing when working on collaborative writing assignments? (3) How do neurodivergent students describe the support their teachers do or do not provide during collaborative writing assignments? (4) How do neurodivergent students describe their relationships with their teammates during collaborative writing assignments? And, (5) what recommendations do neurodivergent students have regarding accessible collaborative writing assignments? To answer these questions, I drew from an interdependent qualitative research paradigm methodology and collected qualitative and quantitative data through surveys and interviews. Finally, I analyzed my data using an inductive thematic analysis. From these methods, I was able to make several tentative findings and point towards pedagogical implications and further areas of study. Drawing from this data, this study offers some insight into how neurodivergent students navigate collaborative writing assignments and provides some tentative pedagogical starting places to improve collaborative writing assignments.</marc:subfield>
      </marc:datafield>
      <marc:datafield tag="504" ind1=" " ind2=" ">
         <marc:subfield code="a">Includes bibliographical references.</marc:subfield>
      </marc:datafield>
      <marc:datafield tag="650" ind1=" " ind2="0">
         <marc:subfield code="a">Rhetoric</marc:subfield>
      </marc:datafield>
      <marc:datafield tag="655" ind1=" " ind2="7">
         <marc:subfield code="a">Electronic Thesis or Dissertation.</marc:subfield>
         <marc:subfield code="2">dct</marc:subfield>
      </marc:datafield>
      <marc:datafield tag="690" ind1=" " ind2="7">
         <marc:subfield code="a">FSU Dissertations.</marc:subfield>
         <marc:subfield code="2">local</marc:subfield>
         <marc:subfield code="9">LOCAL</marc:subfield>
      </marc:datafield>
      <marc:datafield tag="710" ind1="2" ind2=" ">
         <marc:subfield code="a">Florida State University.</marc:subfield>
         <marc:subfield code="e">degree granting instution.</marc:subfield>
         <marc:subfield code="0">http://id.loc.gov/authorities/names/n80126238</marc:subfield>
      </marc:datafield>
      <marc:datafield tag="931" ind1="1" ind2=" ">
         <marc:subfield code="a">Neal, Michael R.</marc:subfield>
         <marc:subfield code="e">professor directing dissertation</marc:subfield>
         <marc:subfield code="9">LOCAL</marc:subfield>
      </marc:datafield>
      <marc:datafield tag="931" ind1="1" ind2=" ">
         <marc:subfield code="a">Nudd, Donna M.</marc:subfield>
         <marc:subfield code="e">university representative</marc:subfield>
         <marc:subfield code="9">LOCAL</marc:subfield>
      </marc:datafield>
      <marc:datafield tag="931" ind1="1" ind2=" ">
         <marc:subfield code="a">Fleckenstein, Kristie S.</marc:subfield>
         <marc:subfield code="e">committee member</marc:subfield>
         <marc:subfield code="9">LOCAL</marc:subfield>
      </marc:datafield>
      <marc:datafield tag="931" ind1="1" ind2=" ">
         <marc:subfield code="a">Lathan, Rhea Estelle</marc:subfield>
         <marc:subfield code="d">1961-</marc:subfield>
         <marc:subfield code="e">committee member</marc:subfield>
         <marc:subfield code="9">LOCAL</marc:subfield>
      </marc:datafield>
      <marc:datafield tag="932" ind1="2" ind2=" ">
         <marc:subfield code="a">Department of English.</marc:subfield>
         <marc:subfield code="9">LOCAL</marc:subfield>
      </marc:datafield>
      <marc:datafield tag="904" ind1=" " ind2=" ">
         <marc:subfield code="a">0</marc:subfield>
         <marc:subfield code="9">LOCAL</marc:subfield>
      </marc:datafield>
   </marc:record>