
   <marc:record>
      <marc:leader>     nam  22     Ki 4500</marc:leader>
      <marc:controlfield tag="006">m     o  d        </marc:controlfield>
      <marc:controlfield tag="007">cr |||||||||||</marc:controlfield>
      <marc:controlfield tag="008">      s2020    flu     obm   000 0  d</marc:controlfield>
      <marc:datafield tag="040" ind1=" " ind2=" ">
         <marc:subfield code="a">FDA</marc:subfield>
         <marc:subfield code="b">eng</marc:subfield>
         <marc:subfield code="e">rda</marc:subfield>
         <marc:subfield code="c">FDA</marc:subfield>
      </marc:datafield>
      <marc:datafield tag="100" ind1="1" ind2=" ">
         <marc:subfield code="a">Chebinou, Eimma</marc:subfield>
         <marc:subfield code="e">author</marc:subfield>
      </marc:datafield>
      <marc:datafield tag="245" ind1="1" ind2="0">
         <marc:subfield code="a">Representation of the Banlieusard in Literature, Cinema and Performances</marc:subfield>
         <marc:subfield code="c">Eimma Chebinou</marc:subfield>
      </marc:datafield>
      <marc:datafield tag="264" ind1=" " ind2="1">
         <marc:subfield code="a">Tallahassee, Florida :</marc:subfield>
         <marc:subfield code="b">Florida State University</marc:subfield>
         <marc:subfield code="c">2020</marc:subfield>
      </marc:datafield>
      <marc:datafield tag="300" ind1=" " ind2=" ">
         <marc:subfield code="a">1 online resource (252 pages)</marc:subfield>
      </marc:datafield>
      <marc:datafield tag="336" ind1=" " ind2=" ">
         <marc:subfield code="a">text</marc:subfield>
         <marc:subfield code="b">txt</marc:subfield>
         <marc:subfield code="2">rdacontent</marc:subfield>
      </marc:datafield>
      <marc:datafield tag="337" ind1=" " ind2=" ">
         <marc:subfield code="a">computer</marc:subfield>
         <marc:subfield code="b">c</marc:subfield>
         <marc:subfield code="2">rdamedia</marc:subfield>
      </marc:datafield>
      <marc:datafield tag="338" ind1=" " ind2=" ">
         <marc:subfield code="a">online resource</marc:subfield>
         <marc:subfield code="b">cr</marc:subfield>
         <marc:subfield code="2">rdacarrier</marc:subfield>
      </marc:datafield>
      <marc:datafield tag="347" ind1=" " ind2=" ">
         <marc:subfield code="a">text file</marc:subfield>
         <marc:subfield code="b">PDF</marc:subfield>
         <marc:subfield code="2">rda</marc:subfield>
      </marc:datafield>
      <marc:datafield tag="538" ind1=" " ind2=" ">
         <marc:subfield code="a">System requirements: Adobe Reader or other PDF viewer.</marc:subfield>
      </marc:datafield>
      <marc:datafield tag="588" ind1=" " ind2=" ">
         <marc:subfield code="a">Description based on online resource; title from PDF title page.</marc:subfield>
      </marc:datafield>
      <marc:datafield tag="500" ind1=" " ind2=" ">
         <marc:subfield code="a">Extent pagination is PDF page count.</marc:subfield>
      </marc:datafield>
      <marc:datafield tag="500" ind1=" " ind2=" ">
         <marc:subfield code="a">Advisory committee: Reinier Leushuis, Professor Directing Dissertation; Alisha Gaines, University Representative; Vincent Joos, Committee Member; Michelle Bumatay, Committee Member.</marc:subfield>
      </marc:datafield>
      <marc:datafield tag="500" ind1=" " ind2=" ">
         <marc:subfield code="a">A Dissertation submitted to the Department of Modern Languages in partial fulfillment of the requirements for the degree of Doctor of Philosophy.</marc:subfield>
      </marc:datafield>
      <marc:datafield tag="500" ind1=" " ind2=" ">
         <marc:subfield code="a">Date of Defense: April 1, 2020</marc:subfield>
      </marc:datafield>
      <marc:datafield tag="502" ind1=" " ind2=" ">
         <marc:subfield code="b">Ph.D.</marc:subfield>
         <marc:subfield code="c">Florida State University</marc:subfield>
         <marc:subfield code="d">2020.</marc:subfield>
      </marc:datafield>
      <marc:datafield tag="520" ind1="3" ind2=" ">
         <marc:subfield code="a">The aim of this thesis is to explore the complex identity of the banlieusard within the French society. The banlieue, known in English as the “projects”, is home to underrepresented and marginalized descendants of North- and West- African immigrants as well as of some white European immigrants or white French individuals. Established in tall housing estates located on the wider outskirts of Paris, the banlieue is a space constructed through the systemic disenfranchisement of working-class people across genders, ethnicities, and race and also constructed through associations with economic and societal flaws such as crime, unemployment, poverty etc. In face of these challenges, the banlieusard(e) attempts to claim his/her Frenchness but finds himself trapped by society’s negative perception. Similarly, they are also physically trapped in their space of high-rise buildings and trapped in a social and economic sphere with preconceived beliefs making it difficult for him to integrate and contribute to French society. Existing studies emphasize those negations by pointing out social issues such as failure to integrate or a space of violence. Through my corpus, I instead emphasize resistance and the agency of the banlieusard(e) rather than pointing out his/her marginalization by society’s preconceptions. Therefore, the spatial arrangement of the projects where he lives redefines, deconstructs, reconstructs and reverses the center/periphery dichotomy, in which the center becomes the banlieue and as a result, its outcast status is diminished. The banlieue indicates the necessity to examine negative stigmas created by the institutional discourse and by space. In doing so, I will use varied selection of novels, films, rap and stand-up comedy texts that truly provide a more general vision and a broader interpretation of the banlieue. This study uses a more expansive definition of diversity to include identity categories not usually represented by the scholarship. In Chapter One, I analyze the male character who finds himself in a spiral of violence as a consequence of the fear and resentment he has towards society. There is intense anger underlying the writing of the novel Dit Violent (2006) and the cinematography of the film La Haine (1995). At the same time, the novel and film subvert mainstream comprehension of the supposedly violent or hate-filled banlieusard reflected in the works’ titles, making affect the central subject of my analysis. Male characters in both corpuses re-establish the banlieue as a private, protected, safe space and provide a land(E)scape of/from perceptions of the banlieue. Indeed, my analysis of Mehdi in Dit Violent and Saïd, Hubert and Vinz in La Haine de-objectifies the “savage” banlieusard by analyzing him through the lens of positive emotions such as love and laughter and redefines him from a humanistic point of view. To deconstruct the space of the banlieusard is to deconstruct his tough image. In chapter Two, the female banlieusarde is scrutinized in the novel Kiffer sa race (2008) and in the film Divines (2016) through the question of gender. The main characters break the image of a submissive woman banlieusarde. Despite different outcomes, characters show agency in a patriarchal environment, and adopt masculine roles as a strategy to successfully position themselves in the hegemonic discourse. The relationship between the banlieusarde and her space illustrates her domination of it through her physical position on top of buildings in both the movie and the novel. Her domination of her space is also displayed in her wandering and idleness, which at the same time serve to create a collective gendered identity and reverse it, giving the character and her actions an androgynous nature. To deconstruct her space is to deconstruct her body and gender. In chapter Three, I demonstrate the social consequences of rejection that leads the main character in the film Désintegration (2011) to be subjected and entrapped first by societal and then by fundamentalist ideologies, which results in his alienation from society. The notion of exclusion requires a close examination of the serious consequences of the political discourses of islamophobia that are psychologically internalized by the banlieusard. The enclosed space allows fundamentalism to subvert the ideology of the French republic and fight back against its symbolic violence. It is assumed that violent action motivated by fear or hatred provides the banlieusard in his dystopian space with a utopian alternative space – and therefore identity - in an imagined hereafter. Deconstructing the space is deconstructing French ideology. Finally, the last chapter of my dissertation shows that rappers and comedians take back the hegemonic discourse by using institutional stereotypes and allow the viewer/audience to witness the French political scene. By being on stage, a sub-space, artists narrate the banlieue by deconstructing the space of stereotypes by re-appropriating them. Themes of previous chapters, such as revolt, resistance, alienation, or dehumanization, are embodied in the lyrics of the rapper and the texts of the stand-up comedian. The artists do not seek French integration but self-reliance through their accounting and appropriation of the past in order to recreate a present. In other words, they recreate a utopian existence which had been denied to them. Performers do not just aim to entertain but they deliver engaged texts. Those activist artists have the privilege to speak freely and gives a voice to the banlieue’s thoughts, values and observations and allow the characters studied in novels and films, and by extension, the underprivileged to be heard.</marc:subfield>
      </marc:datafield>
      <marc:datafield tag="504" ind1=" " ind2=" ">
         <marc:subfield code="a">Includes bibliographical references.</marc:subfield>
      </marc:datafield>
      <marc:datafield tag="506" ind1=" " ind2=" ">
         <marc:subfield code="a">This thesis/dissertation may be embargoed for a limited time. Click access link to check availability.</marc:subfield>
      </marc:datafield>
      <marc:datafield tag="650" ind1=" " ind2="0">
         <marc:subfield code="a">Cinematography</marc:subfield>
      </marc:datafield>
      <marc:datafield tag="650" ind1=" " ind2="0">
         <marc:subfield code="a">Music</marc:subfield>
      </marc:datafield>
      <marc:datafield tag="655" ind1=" " ind2="7">
         <marc:subfield code="a">Electronic Thesis or Dissertation.</marc:subfield>
         <marc:subfield code="2">dct</marc:subfield>
      </marc:datafield>
      <marc:datafield tag="690" ind1=" " ind2="7">
         <marc:subfield code="a">FSU Dissertations.</marc:subfield>
         <marc:subfield code="2">local</marc:subfield>
         <marc:subfield code="9">LOCAL</marc:subfield>
      </marc:datafield>
      <marc:datafield tag="710" ind1="2" ind2=" ">
         <marc:subfield code="a">Florida State University.</marc:subfield>
         <marc:subfield code="e">degree granting instution.</marc:subfield>
         <marc:subfield code="0">http://id.loc.gov/authorities/names/n80126238</marc:subfield>
      </marc:datafield>
      <marc:datafield tag="931" ind1="1" ind2=" ">
         <marc:subfield code="a">Leushuis, Reinier</marc:subfield>
         <marc:subfield code="d">1969-</marc:subfield>
         <marc:subfield code="e">professor directing dissertation</marc:subfield>
         <marc:subfield code="9">LOCAL</marc:subfield>
      </marc:datafield>
      <marc:datafield tag="931" ind1="1" ind2=" ">
         <marc:subfield code="a">Gaines, Alisha</marc:subfield>
         <marc:subfield code="e">university representative</marc:subfield>
         <marc:subfield code="9">LOCAL</marc:subfield>
      </marc:datafield>
      <marc:datafield tag="931" ind1="1" ind2=" ">
         <marc:subfield code="a">Joos, Vincent Nicolas</marc:subfield>
         <marc:subfield code="e">committee member</marc:subfield>
         <marc:subfield code="9">LOCAL</marc:subfield>
      </marc:datafield>
      <marc:datafield tag="931" ind1="1" ind2=" ">
         <marc:subfield code="a">Bumatay, Michelle</marc:subfield>
         <marc:subfield code="e">committee member</marc:subfield>
         <marc:subfield code="9">LOCAL</marc:subfield>
      </marc:datafield>
      <marc:datafield tag="932" ind1="2" ind2=" ">
         <marc:subfield code="a">Department of Modern Languages and Linguistics.</marc:subfield>
         <marc:subfield code="9">LOCAL</marc:subfield>
      </marc:datafield>
      <marc:datafield tag="904" ind1=" " ind2=" ">
         <marc:subfield code="a">4</marc:subfield>
         <marc:subfield code="9">LOCAL</marc:subfield>
      </marc:datafield>
   </marc:record>