
   <marc:record>
      <marc:leader>     nam  22     Ki 4500</marc:leader>
      <marc:controlfield tag="006">m     o  d        </marc:controlfield>
      <marc:controlfield tag="007">cr |||||||||||</marc:controlfield>
      <marc:controlfield tag="008">      s2020    flu     obm   000 0  d</marc:controlfield>
      <marc:datafield tag="040" ind1=" " ind2=" ">
         <marc:subfield code="a">FDA</marc:subfield>
         <marc:subfield code="b">eng</marc:subfield>
         <marc:subfield code="e">rda</marc:subfield>
         <marc:subfield code="c">FDA</marc:subfield>
      </marc:datafield>
      <marc:datafield tag="100" ind1="1" ind2=" ">
         <marc:subfield code="a">Chen, Mingyang</marc:subfield>
         <marc:subfield code="e">author</marc:subfield>
      </marc:datafield>
      <marc:datafield tag="245" ind1="1" ind2="0">
         <marc:subfield code="a">Remote Sensing Application to Assess Resilience in Coastal Communities</marc:subfield>
         <marc:subfield code="c">Mingyang Chen</marc:subfield>
      </marc:datafield>
      <marc:datafield tag="264" ind1=" " ind2="1">
         <marc:subfield code="a">Tallahassee, Florida :</marc:subfield>
         <marc:subfield code="b">Florida State University</marc:subfield>
         <marc:subfield code="c">2020</marc:subfield>
      </marc:datafield>
      <marc:datafield tag="300" ind1=" " ind2=" ">
         <marc:subfield code="a">1 online resource (91 pages)</marc:subfield>
      </marc:datafield>
      <marc:datafield tag="336" ind1=" " ind2=" ">
         <marc:subfield code="a">text</marc:subfield>
         <marc:subfield code="b">txt</marc:subfield>
         <marc:subfield code="2">rdacontent</marc:subfield>
      </marc:datafield>
      <marc:datafield tag="337" ind1=" " ind2=" ">
         <marc:subfield code="a">computer</marc:subfield>
         <marc:subfield code="b">c</marc:subfield>
         <marc:subfield code="2">rdamedia</marc:subfield>
      </marc:datafield>
      <marc:datafield tag="338" ind1=" " ind2=" ">
         <marc:subfield code="a">online resource</marc:subfield>
         <marc:subfield code="b">cr</marc:subfield>
         <marc:subfield code="2">rdacarrier</marc:subfield>
      </marc:datafield>
      <marc:datafield tag="347" ind1=" " ind2=" ">
         <marc:subfield code="a">text file</marc:subfield>
         <marc:subfield code="b">PDF</marc:subfield>
         <marc:subfield code="2">rda</marc:subfield>
      </marc:datafield>
      <marc:datafield tag="538" ind1=" " ind2=" ">
         <marc:subfield code="a">System requirements: Adobe Reader or other PDF viewer.</marc:subfield>
      </marc:datafield>
      <marc:datafield tag="588" ind1=" " ind2=" ">
         <marc:subfield code="a">Description based on online resource; title from PDF title page.</marc:subfield>
      </marc:datafield>
      <marc:datafield tag="500" ind1=" " ind2=" ">
         <marc:subfield code="a">Extent pagination is PDF page count.</marc:subfield>
      </marc:datafield>
      <marc:datafield tag="500" ind1=" " ind2=" ">
         <marc:subfield code="a">Advisory committee: Eren Erman Ozguven, Professor Co-Directing Dissertation; Tarek Abichou, Professor Co-Directing Dissertation; Piyush Kumar, University Representative; Maxim A. Dulebenets, Committee Member; Jeffrey P. Chanton, Committee Member.</marc:subfield>
      </marc:datafield>
      <marc:datafield tag="500" ind1=" " ind2=" ">
         <marc:subfield code="a">A Dissertation submitted to the Department of Civil and Environmental Engineering in partial fulfillment of the requirements for the degree of Doctor of Philosophy.</marc:subfield>
      </marc:datafield>
      <marc:datafield tag="500" ind1=" " ind2=" ">
         <marc:subfield code="a">Date of Defense: April 14, 2020</marc:subfield>
      </marc:datafield>
      <marc:datafield tag="500" ind1=" " ind2=" ">
         <marc:subfield code="a">Keywords: Critical Width, GIS, Google Earth Engine, Hurricane, Resilience Assessment, Risk Map</marc:subfield>
      </marc:datafield>
      <marc:datafield tag="502" ind1=" " ind2=" ">
         <marc:subfield code="b">Ph.D.</marc:subfield>
         <marc:subfield code="c">Florida State University</marc:subfield>
         <marc:subfield code="d">2020.</marc:subfield>
      </marc:datafield>
      <marc:datafield tag="520" ind1="3" ind2=" ">
         <marc:subfield code="a">Natural disasters such as hurricanes have been affecting thousands of people annually with devastating consequences such as loss of life, vegetation and infrastructure. Vegetation losses such as coastal erosion, downed trees and infrastructure disruptions (e.g., toppled power lines) often lead to roadway closures. These disruptions are also life threatening for the victims in the affected region. Emergency officials, therefore, have been trying to find ways to alleviate such problems by identifying those locations that pose high risk in the aftermath of hurricanes. In order to help emergency agencies achieve this goal, this dissertation explores the design and implementation of a remote sensing technology-based methodology for coastal community resiliency assessment. Specifically, it seeks to: (1) develop and adopt a modern remote sensing technology for rapid assessment of damage caused by hurricanes; (2) identify reliable indicators for detecting the impacted region and damage severity after hurricanes; (3) develop a comprehensive debris damage assessment given different storm intensities/strengths; and (4) compare the proposed storm debris prediction model findings to those obtained from existing estimation methods. Chapter 2 of this dissertation presents a Google Earth Engine and MATLAB-based remote sensing application to coastal barrier islands. This application especially focuses on the well-known critical width concept as a measure of resiliency of barrier islands to coastal overwash. Our results reveal the potential use of the developed application of remote sensing for detailed barrier island analysis and for future improvements of barrier island resilience parameterizations. Chapter 3 presents another Google Earth Engine and Geographical Information Systems-based remote sensing application as a two-stage model to analyze the impact of Hurricane Michael on the City of Tallahassee, Florida. The proposed innovative application was used to develop city-wide hurricane risk maps for the entire city at the level of census blocks. Our findings showed that the Northeast side of the city had high risk levels, which is a region where more 65+ populations live, and the disruptions on that side of the city can lead to dramatic consequences due to the fragility of these seniors in the aftermath of hurricanes. Chapter 4 developed a third Google Earth Engine and Geographical Information Systems-based remote sensing application designed to perform an assessment of the damage caused by different hurricanes and storms on example coastal communities. The method used Normalized Difference Vegetation Index (NDVI) in order to estimate the greenness change before and after the hurricanes hit. The findings on the estimated debris were also compared with the debris calculated by the U.S. Army Corps of Engineers (USACE) model. The proposed application was utilized to conduct a comparative analysis of the impacts of different storms and hurricanes on the Bay County, Florida with a focus on the demographic factors such as the population and roadway network. Results of the analysis show that sub-urban areas, urban areas, moderate and high roadway density areas generated more debris and NDVI changes than rural and low roadway density areas. The results of NDVI change approach indicate that USACE debris model is overestimating the debris volume for the hurricanes that are category 3 or greater. Particularly, higher intense hurricane would enlarge this error. The applications developed in this dissertation focused only on coastal regions; however, the proposed methodology can be successfully extended to any other location given the data availability. The proposed risk index and damage assessment can also be enhanced using relevant data on power outages and socioeconomics.</marc:subfield>
      </marc:datafield>
      <marc:datafield tag="504" ind1=" " ind2=" ">
         <marc:subfield code="a">Includes bibliographical references.</marc:subfield>
      </marc:datafield>
      <marc:datafield tag="650" ind1=" " ind2="0">
         <marc:subfield code="a">Transportation</marc:subfield>
         <marc:subfield code="x">Planning</marc:subfield>
      </marc:datafield>
      <marc:datafield tag="650" ind1=" " ind2="0">
         <marc:subfield code="a">Remote sensing</marc:subfield>
      </marc:datafield>
      <marc:datafield tag="655" ind1=" " ind2="7">
         <marc:subfield code="a">Electronic Thesis or Dissertation.</marc:subfield>
         <marc:subfield code="2">dct</marc:subfield>
      </marc:datafield>
      <marc:datafield tag="690" ind1=" " ind2="7">
         <marc:subfield code="a">FSU Dissertations.</marc:subfield>
         <marc:subfield code="2">local</marc:subfield>
         <marc:subfield code="9">LOCAL</marc:subfield>
      </marc:datafield>
      <marc:datafield tag="710" ind1="2" ind2=" ">
         <marc:subfield code="a">Florida State University.</marc:subfield>
         <marc:subfield code="e">degree granting instution.</marc:subfield>
         <marc:subfield code="0">http://id.loc.gov/authorities/names/n80126238</marc:subfield>
      </marc:datafield>
      <marc:datafield tag="931" ind1="1" ind2=" ">
         <marc:subfield code="a">Ozguven, Eren Erman</marc:subfield>
         <marc:subfield code="e">professor co-directing dissertation</marc:subfield>
         <marc:subfield code="9">LOCAL</marc:subfield>
      </marc:datafield>
      <marc:datafield tag="931" ind1="1" ind2=" ">
         <marc:subfield code="a">Abichou, Tarek</marc:subfield>
         <marc:subfield code="e">professor co-directing dissertation</marc:subfield>
         <marc:subfield code="9">LOCAL</marc:subfield>
      </marc:datafield>
      <marc:datafield tag="931" ind1="1" ind2=" ">
         <marc:subfield code="a">Kumar, Piyush</marc:subfield>
         <marc:subfield code="c">(Computer Science Professor)</marc:subfield>
         <marc:subfield code="e">university representative</marc:subfield>
         <marc:subfield code="9">LOCAL</marc:subfield>
      </marc:datafield>
      <marc:datafield tag="931" ind1="1" ind2=" ">
         <marc:subfield code="a">Dulebenets, Maxim A.</marc:subfield>
         <marc:subfield code="e">committee member</marc:subfield>
         <marc:subfield code="9">LOCAL</marc:subfield>
      </marc:datafield>
      <marc:datafield tag="931" ind1="1" ind2=" ">
         <marc:subfield code="a">Chanton, Jeffrey P.</marc:subfield>
         <marc:subfield code="e">committee member</marc:subfield>
         <marc:subfield code="9">LOCAL</marc:subfield>
      </marc:datafield>
      <marc:datafield tag="932" ind1="2" ind2=" ">
         <marc:subfield code="a">Department of Civil and Environmental Engineering.</marc:subfield>
         <marc:subfield code="9">LOCAL</marc:subfield>
      </marc:datafield>
      <marc:datafield tag="904" ind1=" " ind2=" ">
         <marc:subfield code="a">0</marc:subfield>
         <marc:subfield code="9">LOCAL</marc:subfield>
      </marc:datafield>
   </marc:record>