
   <marc:record>
      <marc:leader>     nam  22     Ki 4500</marc:leader>
      <marc:controlfield tag="006">m     o  d        </marc:controlfield>
      <marc:controlfield tag="007">cr |||||||||||</marc:controlfield>
      <marc:controlfield tag="008">      s2019    flu     obm   000 0  d</marc:controlfield>
      <marc:datafield tag="040" ind1=" " ind2=" ">
         <marc:subfield code="a">FDA</marc:subfield>
         <marc:subfield code="b">eng</marc:subfield>
         <marc:subfield code="e">rda</marc:subfield>
         <marc:subfield code="c">FDA</marc:subfield>
      </marc:datafield>
      <marc:datafield tag="100" ind1="1" ind2=" ">
         <marc:subfield code="a">Choi, Kyuyeong</marc:subfield>
         <marc:subfield code="e">author</marc:subfield>
      </marc:datafield>
      <marc:datafield tag="245" ind1="1" ind2="4">
         <marc:subfield code="a">The Impacts of Customer Base Complexity on Firm Performance :</marc:subfield>
         <marc:subfield code="b">The Moderating Role of Marketing Capability</marc:subfield>
         <marc:subfield code="c">Kyuyeong Choi</marc:subfield>
      </marc:datafield>
      <marc:datafield tag="264" ind1=" " ind2="1">
         <marc:subfield code="a">Tallahassee, Florida :</marc:subfield>
         <marc:subfield code="b">Florida State University</marc:subfield>
         <marc:subfield code="c">2019</marc:subfield>
      </marc:datafield>
      <marc:datafield tag="300" ind1=" " ind2=" ">
         <marc:subfield code="a">1 online resource (133 pages)</marc:subfield>
      </marc:datafield>
      <marc:datafield tag="336" ind1=" " ind2=" ">
         <marc:subfield code="a">text</marc:subfield>
         <marc:subfield code="b">txt</marc:subfield>
         <marc:subfield code="2">rdacontent</marc:subfield>
      </marc:datafield>
      <marc:datafield tag="337" ind1=" " ind2=" ">
         <marc:subfield code="a">computer</marc:subfield>
         <marc:subfield code="b">c</marc:subfield>
         <marc:subfield code="2">rdamedia</marc:subfield>
      </marc:datafield>
      <marc:datafield tag="338" ind1=" " ind2=" ">
         <marc:subfield code="a">online resource</marc:subfield>
         <marc:subfield code="b">cr</marc:subfield>
         <marc:subfield code="2">rdacarrier</marc:subfield>
      </marc:datafield>
      <marc:datafield tag="347" ind1=" " ind2=" ">
         <marc:subfield code="a">text file</marc:subfield>
         <marc:subfield code="b">PDF</marc:subfield>
         <marc:subfield code="2">rda</marc:subfield>
      </marc:datafield>
      <marc:datafield tag="538" ind1=" " ind2=" ">
         <marc:subfield code="a">System requirements: Adobe Reader or other PDF viewer.</marc:subfield>
      </marc:datafield>
      <marc:datafield tag="588" ind1=" " ind2=" ">
         <marc:subfield code="a">Description based on online resource; title from PDF title page.</marc:subfield>
      </marc:datafield>
      <marc:datafield tag="500" ind1=" " ind2=" ">
         <marc:subfield code="a">Extent pagination is PDF page count.</marc:subfield>
      </marc:datafield>
      <marc:datafield tag="500" ind1=" " ind2=" ">
         <marc:subfield code="a">Advisory committee: Daekwan Kim, Professor Directing Dissertation; Larry C. Giunipero, University Representative; Michael K. Brady, Committee Member; Charles F. Hofacker, Committee Member.</marc:subfield>
      </marc:datafield>
      <marc:datafield tag="500" ind1=" " ind2=" ">
         <marc:subfield code="a">A Dissertation submitted to the Department of Marketing in partial fulfillment of the requirements for the degree of Doctor of Philosophy.</marc:subfield>
      </marc:datafield>
      <marc:datafield tag="500" ind1=" " ind2=" ">
         <marc:subfield code="a">Date of Defense: December 16, 2019</marc:subfield>
      </marc:datafield>
      <marc:datafield tag="500" ind1=" " ind2=" ">
         <marc:subfield code="a">Keywords: Customer base, Interfirm complexity, Marketing capability, Multidimensional approach, Stochastic frontier analysis, Structural complexity</marc:subfield>
      </marc:datafield>
      <marc:datafield tag="502" ind1=" " ind2=" ">
         <marc:subfield code="b">Ph.D.</marc:subfield>
         <marc:subfield code="c">Florida State University</marc:subfield>
         <marc:subfield code="d">2019.</marc:subfield>
      </marc:datafield>
      <marc:datafield tag="520" ind1="3" ind2=" ">
         <marc:subfield code="a">Accompanying firms’ globalization and market expansion worldwide is a dramatic increase in firm structural intricacy and interorganizational relationship complexity. The firm’s relational complexity in the value chain has been recognized in the literature as one of the key factors driving firm performance. However, the literature discusses this role almost exclusively from the supplier (upstream) side and overlooks relational complexity of the firm’s customer (downstream) side. The result is a lack of comprehensive research, in the marketing literature, exploring the structural complexity of the firm’s customer (downstream). This dissertation addresses a significant gap in the marketing literature. It develops a pioneering study of the structural complexity of a firm’s distribution channels, including customers in the B-to-B context, and analyzes the moderating role of marketing capability with the individual effects of structural complexity in the firm’s customer base. The study bases its research framework on a multidimensional complexity approach with four key variables. These include: 1) horizontal complexity; 2) vertical complexity; 3) spatial complexity; and 4) covert (eliminative) complexity from the supply base literature. In addition to these 4 existing variables three newly-developed variables are added to the research study. The new variables are market foreignness complexity, supplier-centric complexity, and customer-centric complexity. To test the theoretical framework, the study used merged secondary data sets and analytical approaches such as Stochastic Frontier Analysis to measure a firm’s marketing capability and Koyck Transformation to reflect potential spill-over effects from the past establishment to provide more unique, objective ways of understanding the complex relationship structures of multinational corporations (MNCs) with their marketing capability. By merging two commercial data sources from compustat and mergent, the current study obtained a sample of 567 firms and scrutinized the role of the seven types of a firm’s customer base complexity and the moderating role of marketing capability on their impact on firm performance. As this study had predicted, and consistent with the extant literature, we found that high marketing capability leads a focal firm to high performance. However, our findings also highlighted that marketing capability interplays with the structural complexity of a firm’s customers in quite interesting ways. When horizontal complexity or customer-centric complexity is high, marketing capability shows a negative interaction with these two complexities, which can be explained by redundancy, diseconomies of scale, or the substitution view. In other words, those relationships that are doubly positive (i.e., large customers with excellent marketing capability) may not measure up in driving outcomes, due to redundancy. However, when covert complexity or supplier-centric complexity is high, marketing capability discloses a remedial interaction with supplier-centric complexity (or covert complexity), alleviating its negative effects on firm performance. In other words, the negative effect of covert complexity or supplier-centric complexity is mitigated by a high level of marketing capability. Associated implications of these findings are offered to guide practitioners and researchers alike.</marc:subfield>
      </marc:datafield>
      <marc:datafield tag="504" ind1=" " ind2=" ">
         <marc:subfield code="a">Includes bibliographical references.</marc:subfield>
      </marc:datafield>
      <marc:datafield tag="506" ind1=" " ind2=" ">
         <marc:subfield code="a">This thesis/dissertation may be embargoed for a limited time. Click access link to check availability.</marc:subfield>
      </marc:datafield>
      <marc:datafield tag="650" ind1=" " ind2="0">
         <marc:subfield code="a">Business</marc:subfield>
      </marc:datafield>
      <marc:datafield tag="650" ind1=" " ind2="0">
         <marc:subfield code="a">Marketing</marc:subfield>
      </marc:datafield>
      <marc:datafield tag="655" ind1=" " ind2="7">
         <marc:subfield code="a">Electronic Thesis or Dissertation.</marc:subfield>
         <marc:subfield code="2">dct</marc:subfield>
      </marc:datafield>
      <marc:datafield tag="690" ind1=" " ind2="7">
         <marc:subfield code="a">FSU Dissertations.</marc:subfield>
         <marc:subfield code="2">local</marc:subfield>
         <marc:subfield code="9">LOCAL</marc:subfield>
      </marc:datafield>
      <marc:datafield tag="710" ind1="2" ind2=" ">
         <marc:subfield code="a">Florida State University.</marc:subfield>
         <marc:subfield code="e">degree granting instution.</marc:subfield>
         <marc:subfield code="0">http://id.loc.gov/authorities/names/n80126238</marc:subfield>
      </marc:datafield>
      <marc:datafield tag="931" ind1="1" ind2=" ">
         <marc:subfield code="a">Kim, Daekwan</marc:subfield>
         <marc:subfield code="e">professor directing dissertation</marc:subfield>
         <marc:subfield code="9">LOCAL</marc:subfield>
      </marc:datafield>
      <marc:datafield tag="931" ind1="1" ind2=" ">
         <marc:subfield code="a">Giunipero, Larry Carl</marc:subfield>
         <marc:subfield code="e">university representative</marc:subfield>
         <marc:subfield code="9">LOCAL</marc:subfield>
      </marc:datafield>
      <marc:datafield tag="931" ind1="1" ind2=" ">
         <marc:subfield code="a">Brady, Michael K.</marc:subfield>
         <marc:subfield code="e">committee member</marc:subfield>
         <marc:subfield code="9">LOCAL</marc:subfield>
      </marc:datafield>
      <marc:datafield tag="931" ind1="1" ind2=" ">
         <marc:subfield code="a">Hofacker, Charles F.</marc:subfield>
         <marc:subfield code="e">committee member</marc:subfield>
         <marc:subfield code="9">LOCAL</marc:subfield>
      </marc:datafield>
      <marc:datafield tag="932" ind1="2" ind2=" ">
         <marc:subfield code="a">Department of Marketing.</marc:subfield>
         <marc:subfield code="9">LOCAL</marc:subfield>
      </marc:datafield>
      <marc:datafield tag="904" ind1=" " ind2=" ">
         <marc:subfield code="a">4</marc:subfield>
         <marc:subfield code="9">LOCAL</marc:subfield>
      </marc:datafield>
   </marc:record>