
   <marc:record>
      <marc:leader>     nam  22     Ki 4500</marc:leader>
      <marc:controlfield tag="006">m     o  d        </marc:controlfield>
      <marc:controlfield tag="007">cr |||||||||||</marc:controlfield>
      <marc:controlfield tag="008">      s2020    flu     obm   000 0  d</marc:controlfield>
      <marc:datafield tag="040" ind1=" " ind2=" ">
         <marc:subfield code="a">FDA</marc:subfield>
         <marc:subfield code="b">eng</marc:subfield>
         <marc:subfield code="e">rda</marc:subfield>
         <marc:subfield code="c">FDA</marc:subfield>
      </marc:datafield>
      <marc:datafield tag="100" ind1="1" ind2=" ">
         <marc:subfield code="a">Collier, Nicole Louise</marc:subfield>
         <marc:subfield code="e">author</marc:subfield>
      </marc:datafield>
      <marc:datafield tag="245" ind1="1" ind2="0">
         <marc:subfield code="a">Delinquent by the Dozen :</marc:subfield>
         <marc:subfield code="b">Reexamining the Relationship between Family Size and Offending</marc:subfield>
         <marc:subfield code="c">Nicole Louise Collier</marc:subfield>
      </marc:datafield>
      <marc:datafield tag="264" ind1=" " ind2="1">
         <marc:subfield code="a">Tallahassee, Florida :</marc:subfield>
         <marc:subfield code="b">Florida State University</marc:subfield>
         <marc:subfield code="c">2020</marc:subfield>
      </marc:datafield>
      <marc:datafield tag="300" ind1=" " ind2=" ">
         <marc:subfield code="a">1 online resource (130 pages)</marc:subfield>
      </marc:datafield>
      <marc:datafield tag="336" ind1=" " ind2=" ">
         <marc:subfield code="a">text</marc:subfield>
         <marc:subfield code="b">txt</marc:subfield>
         <marc:subfield code="2">rdacontent</marc:subfield>
      </marc:datafield>
      <marc:datafield tag="337" ind1=" " ind2=" ">
         <marc:subfield code="a">computer</marc:subfield>
         <marc:subfield code="b">c</marc:subfield>
         <marc:subfield code="2">rdamedia</marc:subfield>
      </marc:datafield>
      <marc:datafield tag="338" ind1=" " ind2=" ">
         <marc:subfield code="a">online resource</marc:subfield>
         <marc:subfield code="b">cr</marc:subfield>
         <marc:subfield code="2">rdacarrier</marc:subfield>
      </marc:datafield>
      <marc:datafield tag="347" ind1=" " ind2=" ">
         <marc:subfield code="a">text file</marc:subfield>
         <marc:subfield code="b">PDF</marc:subfield>
         <marc:subfield code="2">rda</marc:subfield>
      </marc:datafield>
      <marc:datafield tag="538" ind1=" " ind2=" ">
         <marc:subfield code="a">System requirements: Adobe Reader or other PDF viewer.</marc:subfield>
      </marc:datafield>
      <marc:datafield tag="588" ind1=" " ind2=" ">
         <marc:subfield code="a">Description based on online resource; title from PDF title page.</marc:subfield>
      </marc:datafield>
      <marc:datafield tag="500" ind1=" " ind2=" ">
         <marc:subfield code="a">Extent pagination is PDF page count.</marc:subfield>
      </marc:datafield>
      <marc:datafield tag="500" ind1=" " ind2=" ">
         <marc:subfield code="a">Advisory committee: Daniel P. Mears, Professor Directing Dissertation; Lenore M. McWey, University Representative; Carter H. Hay, Committee Member; Jillian J. Turanovic, Committee Member.</marc:subfield>
      </marc:datafield>
      <marc:datafield tag="500" ind1=" " ind2=" ">
         <marc:subfield code="a">A Dissertation submitted to the College of Criminology and Criminal Justice in partial fulfillment of the requirements for the degree of Doctor of Philosophy.</marc:subfield>
      </marc:datafield>
      <marc:datafield tag="500" ind1=" " ind2=" ">
         <marc:subfield code="a">Date of Defense: March 30, 2020</marc:subfield>
      </marc:datafield>
      <marc:datafield tag="500" ind1=" " ind2=" ">
         <marc:subfield code="a">Keywords: Families, Family size, Juvenile delinquency, Offending</marc:subfield>
      </marc:datafield>
      <marc:datafield tag="502" ind1=" " ind2=" ">
         <marc:subfield code="b">Ph.D.</marc:subfield>
         <marc:subfield code="c">Florida State University</marc:subfield>
         <marc:subfield code="d">2020.</marc:subfield>
      </marc:datafield>
      <marc:datafield tag="520" ind1="3" ind2=" ">
         <marc:subfield code="a">A large body of research links family-related factors to various child, adolescent, and adult outcomes. Research has identified a broad range of outcomes that are affected by family structure, processes, and dynamics, such as education, employment, mental health, and substance abuse (Giordano 2010; Miller and Barnes 2015; Murray, Loeber, and Pardini 2012; Turney 2014). This diverse body of research has prompted scholars to examine the impact that family has on offending outcomes. They have identified factors such as low family income, single-parent households, family conflict, and divorced parents to be associated with a child’s risk of offending (Cernkovich and Giordano 1987; Farrington 2010; Loeber and Loeber-Stouthammer 1986; Rankin and Wells 1990; Wasserman and Seracini 2001; Wright and Cullen 2001). Another family-related factor that has received some attention for its influence on offending is family size (i.e., the number of children in a family). The main conclusion from this literature is that youth with large family sizes have a higher likelihood of being delinquent (Biles and Challinger 1981; Brownfield and Sorenson 1994; Farrington 1987; Farrington, Coid, and West 2009; Glueck and Glueck 1950; Hirschi 1969; Jones, Offord, and Abrams 1980; Lees and Newson 1954; LeFlore 1988; Lauritsen 1993; Mercer, Farrington, Ttofi, Keijsers, Branje, and Meeus 2016; Nye 1958; Parrott and Strongman 1984; Robins, West, and Herjanic 1975; Sampson and Laub 1994; Slawson 1925; Touliatos and Lindhom 1980; Tygart 1991; Walsh and Petee 1987; West and Farrington 1973). Although there are a handful of studies that have examined the relationship between family size and delinquency, this dissertation argues that—in light of several research gaps and limitations in the literature—the true family size effects remain unclear. This dissertation contributes to scholarship on families and offending and, more specifically, family size and delinquency, in several ways. It examines the nature of the relationship between family size and delinquency by identifying whether the pattern is positive or negative, significant or nonsignificant, and linear or nonlinear. Multiple indicators of family size are also examined to explore heterogeneity in offending depending on sibling relatedness. To check consistency in the relationship, these patterns are examined across several datasets. This dissertation also explores theoretical pathways that help to explain the family size-delinquency relationship. Specifically, social control and strain measures are tested as mediating mechanisms. Data for this dissertation come from the National Longitudinal Study of Adolescent to Adult Health, Fragile Families and Child Wellbeing Study, and the National Longitudinal Survey of Youth. These data have several attributes that make them ideal for this study: they include, for example, large adolescent populations, males and females, and, importantly, comprehensive measures of family size, delinquency, and controls. Analyses of the data point to several key findings. They highlight that there does appear to be some evidence of a relationship between family size and delinquency, but that patterns are dissimilar to those presented in the bulk of existing studies. Specifically, the effects of family size appear to be curvilinear in nature. Findings also show heterogeneity in offending outcomes when family size is measured by sibling relatedness. Furthermore, the relationship between family size and delinquency is explained through social control mediating mechanisms. This dissertation concludes with a discussion of the implications of these findings for theory, research, and policy.</marc:subfield>
      </marc:datafield>
      <marc:datafield tag="504" ind1=" " ind2=" ">
         <marc:subfield code="a">Includes bibliographical references.</marc:subfield>
      </marc:datafield>
      <marc:datafield tag="506" ind1=" " ind2=" ">
         <marc:subfield code="a">This thesis/dissertation may be embargoed for a limited time. Click access link to check availability.</marc:subfield>
      </marc:datafield>
      <marc:datafield tag="650" ind1=" " ind2="0">
         <marc:subfield code="a">Criminology</marc:subfield>
      </marc:datafield>
      <marc:datafield tag="655" ind1=" " ind2="7">
         <marc:subfield code="a">Electronic Thesis or Dissertation.</marc:subfield>
         <marc:subfield code="2">dct</marc:subfield>
      </marc:datafield>
      <marc:datafield tag="690" ind1=" " ind2="7">
         <marc:subfield code="a">FSU Dissertations.</marc:subfield>
         <marc:subfield code="2">local</marc:subfield>
         <marc:subfield code="9">LOCAL</marc:subfield>
      </marc:datafield>
      <marc:datafield tag="710" ind1="2" ind2=" ">
         <marc:subfield code="a">Florida State University.</marc:subfield>
         <marc:subfield code="e">degree granting instution.</marc:subfield>
         <marc:subfield code="0">http://id.loc.gov/authorities/names/n80126238</marc:subfield>
      </marc:datafield>
      <marc:datafield tag="931" ind1="1" ind2=" ">
         <marc:subfield code="a">Mears, Daniel P.</marc:subfield>
         <marc:subfield code="d">1966-</marc:subfield>
         <marc:subfield code="e">professor directing dissertation</marc:subfield>
         <marc:subfield code="9">LOCAL</marc:subfield>
      </marc:datafield>
      <marc:datafield tag="931" ind1="1" ind2=" ">
         <marc:subfield code="a">McWey, Lenore M.</marc:subfield>
         <marc:subfield code="e">university representative</marc:subfield>
         <marc:subfield code="9">LOCAL</marc:subfield>
      </marc:datafield>
      <marc:datafield tag="931" ind1="1" ind2=" ">
         <marc:subfield code="a">Hay, Carter H.</marc:subfield>
         <marc:subfield code="e">committee member</marc:subfield>
         <marc:subfield code="9">LOCAL</marc:subfield>
      </marc:datafield>
      <marc:datafield tag="931" ind1="1" ind2=" ">
         <marc:subfield code="a">Turanovic, Jillian J.</marc:subfield>
         <marc:subfield code="d">1985-</marc:subfield>
         <marc:subfield code="e">committee member</marc:subfield>
         <marc:subfield code="9">LOCAL</marc:subfield>
      </marc:datafield>
      <marc:datafield tag="932" ind1="2" ind2=" ">
         <marc:subfield code="a">College of Criminology and Criminal Justice.</marc:subfield>
         <marc:subfield code="9">LOCAL</marc:subfield>
      </marc:datafield>
      <marc:datafield tag="904" ind1=" " ind2=" ">
         <marc:subfield code="a">4</marc:subfield>
         <marc:subfield code="9">LOCAL</marc:subfield>
      </marc:datafield>
   </marc:record>