
   <marc:record>
      <marc:leader>     nam  22     Ki 4500</marc:leader>
      <marc:controlfield tag="006">m     o  d        </marc:controlfield>
      <marc:controlfield tag="007">cr |||||||||||</marc:controlfield>
      <marc:controlfield tag="008">      s2020    flu     obm   000 0  d</marc:controlfield>
      <marc:datafield tag="040" ind1=" " ind2=" ">
         <marc:subfield code="a">FDA</marc:subfield>
         <marc:subfield code="b">eng</marc:subfield>
         <marc:subfield code="e">rda</marc:subfield>
         <marc:subfield code="c">FDA</marc:subfield>
      </marc:datafield>
      <marc:datafield tag="100" ind1="1" ind2=" ">
         <marc:subfield code="a">Cresgy, Amber Lynn</marc:subfield>
         <marc:subfield code="e">author</marc:subfield>
      </marc:datafield>
      <marc:datafield tag="245" ind1="1" ind2="0">
         <marc:subfield code="a">Toward a New Neo-Slave Narrative :</marc:subfield>
         <marc:subfield code="b">Troubling the Limitations of Genre in Black Women's Speculative Bondage Narratives</marc:subfield>
         <marc:subfield code="c">Amber Cresgy</marc:subfield>
      </marc:datafield>
      <marc:datafield tag="264" ind1=" " ind2="1">
         <marc:subfield code="a">Tallahassee, Florida :</marc:subfield>
         <marc:subfield code="b">Florida State University</marc:subfield>
         <marc:subfield code="c">2020</marc:subfield>
      </marc:datafield>
      <marc:datafield tag="300" ind1=" " ind2=" ">
         <marc:subfield code="a">1 online resource (219 pages)</marc:subfield>
      </marc:datafield>
      <marc:datafield tag="336" ind1=" " ind2=" ">
         <marc:subfield code="a">text</marc:subfield>
         <marc:subfield code="b">txt</marc:subfield>
         <marc:subfield code="2">rdacontent</marc:subfield>
      </marc:datafield>
      <marc:datafield tag="337" ind1=" " ind2=" ">
         <marc:subfield code="a">computer</marc:subfield>
         <marc:subfield code="b">c</marc:subfield>
         <marc:subfield code="2">rdamedia</marc:subfield>
      </marc:datafield>
      <marc:datafield tag="338" ind1=" " ind2=" ">
         <marc:subfield code="a">online resource</marc:subfield>
         <marc:subfield code="b">cr</marc:subfield>
         <marc:subfield code="2">rdacarrier</marc:subfield>
      </marc:datafield>
      <marc:datafield tag="347" ind1=" " ind2=" ">
         <marc:subfield code="a">text file</marc:subfield>
         <marc:subfield code="b">PDF</marc:subfield>
         <marc:subfield code="2">rda</marc:subfield>
      </marc:datafield>
      <marc:datafield tag="538" ind1=" " ind2=" ">
         <marc:subfield code="a">System requirements: Adobe Reader or other PDF viewer.</marc:subfield>
      </marc:datafield>
      <marc:datafield tag="588" ind1=" " ind2=" ">
         <marc:subfield code="a">Description based on online resource; title from PDF title page.</marc:subfield>
      </marc:datafield>
      <marc:datafield tag="500" ind1=" " ind2=" ">
         <marc:subfield code="a">Extent pagination is PDF page count.</marc:subfield>
      </marc:datafield>
      <marc:datafield tag="500" ind1=" " ind2=" ">
         <marc:subfield code="a">Advisory committee: Alisha Gaines, Professor Directing Dissertation; Maxine Jones, University Representative; Jerrilyn McGregory, Committee Member; Leigh Edwards, Committee Member.</marc:subfield>
      </marc:datafield>
      <marc:datafield tag="500" ind1=" " ind2=" ">
         <marc:subfield code="a">A Dissertation submitted to the Department of English in partial fulfillment of the requirements for the degree of Doctor of Philosophy.</marc:subfield>
      </marc:datafield>
      <marc:datafield tag="500" ind1=" " ind2=" ">
         <marc:subfield code="a">Date of Defense: April 6, 2020</marc:subfield>
      </marc:datafield>
      <marc:datafield tag="502" ind1=" " ind2=" ">
         <marc:subfield code="b">Ph.D.</marc:subfield>
         <marc:subfield code="c">Florida State University</marc:subfield>
         <marc:subfield code="d">2020.</marc:subfield>
      </marc:datafield>
      <marc:datafield tag="520" ind1="3" ind2=" ">
         <marc:subfield code="a">This dissertation examines new interventions into the historiography of chattel slavery. In reading several texts by Black women authors and artists—including Octavia E. Butler’s Fledgling (2005), Jesmyn Ward’s Sing, Unburied, Sing (2017), Rivers Solomon’s An Unkindness of Ghosts (2017), and Janelle Monáe’s visual album Dirty Computer (2018)—I argue these works represent an emerging genre of slavery literature. Though none of these texts seemingly has anything to do with transatlantic slavery on the surface, each is in fact deeply indebted to exploring what Saidiya Hartman refers to as the “afterlives” of slavery (6). Unlike the traditional neo-slave narrative, as theorized by Bernard Bell in The Afro-American Novel and Its Tradition (1987) and Ashraf H.A. Rushdy in Neo-Slave Narratives: Studies in the Social Logic of a Literary Form (1999), these texts—what I term “speculative bondage narratives”—do not routinely adopt the formal or thematic conventions of the slave narrative. In fact, chattel bondage is often not a defining feature of these texts at all. Instead, speculative bondage narratives examine the transformation of human bondage across time and space as a way of exploring the lasting and ever-present impact of slavery on Black communities. Instead of adhering to the strict conventions of previous theorizations of the neo-slave narrative, speculative bondage narratives reject strict notions of genre, and they often resist a definitively antebellum temporality. Through their restaging of slavery and the institutions which arose from it within our contemporary moment and into imagined futures, speculative bondage narratives speak to and illustrate the interminability of the traumas engendered under chattel slavery. The phrasing “bondage narrative” allows the authors of these narratives to examine other forms of subjection beyond chattel slavery, while the term “speculative” refers to the incorporation of speculative elements or premises into the novel, which allows the authors to conjecture as to the ongoing consequences of the “peculiar institution.” The word “speculative” further gestures toward the rich history of Black writers’ engagement with the genre of speculative fiction, which frequently intersects with the literature of slavery. My theorization of the speculative bondage narrative is deeply indebted to Black feminist theory, which frames much of my understanding of this new genre. Saidiya Hartman’s framing of the “afterlife of slavery” in Lose Your Mother: A Journey Along the Atlantic Slave Route (2006) provides the language for my investigation of the ways the specter of slavery continues to haunt literature specifically, and Black communities more broadly. Similarly, Christina Sharpe’s notion of living “in the wake” of slavery, as well as her concept of “wake work,” as defined in In the Wake: On Blackness and Being (2016), play a significant role in how I interpret the purpose of speculative bondage narratives. First and foremost, the speculative bondage narrative seeks to unpack the ways slavery continues to haunt Black life today, as well as how it will inevitably continue to do so going forward. In this regard, Hortense Spillers’ examination of transgenerational trauma and the “rupture” of the African diaspora, as explored in “Mama’s Baby, Papa’s Maybe: An American Grammar Book” (1987), provides further structure for my investigation of the spectral presence of slavery, as well as how that haunting presence influences subsequent generations. Because of the lack of scholarly attention to texts which primarily or solely explore the aftereffects of slavery (as opposed to directly examining the institution of slavery itself), the speculative bondage narrative operates as a corrective to some of this oversight, while simultaneously advocating for a more flexible definition of genre, ultimately allowing for a more nuanced discussion of the ramifications of slavery and more open pathways to resistance for Black communities.</marc:subfield>
      </marc:datafield>
      <marc:datafield tag="504" ind1=" " ind2=" ">
         <marc:subfield code="a">Includes bibliographical references.</marc:subfield>
      </marc:datafield>
      <marc:datafield tag="506" ind1=" " ind2=" ">
         <marc:subfield code="a">This thesis/dissertation may be embargoed for a limited time. Click access link to check availability.</marc:subfield>
      </marc:datafield>
      <marc:datafield tag="650" ind1=" " ind2="0">
         <marc:subfield code="a">African Americans</marc:subfield>
         <marc:subfield code="x">Study and teaching</marc:subfield>
      </marc:datafield>
      <marc:datafield tag="655" ind1=" " ind2="7">
         <marc:subfield code="a">Electronic Thesis or Dissertation.</marc:subfield>
         <marc:subfield code="2">dct</marc:subfield>
      </marc:datafield>
      <marc:datafield tag="690" ind1=" " ind2="7">
         <marc:subfield code="a">FSU Dissertations.</marc:subfield>
         <marc:subfield code="2">local</marc:subfield>
         <marc:subfield code="9">LOCAL</marc:subfield>
      </marc:datafield>
      <marc:datafield tag="710" ind1="2" ind2=" ">
         <marc:subfield code="a">Florida State University.</marc:subfield>
         <marc:subfield code="e">degree granting instution.</marc:subfield>
         <marc:subfield code="0">http://id.loc.gov/authorities/names/n80126238</marc:subfield>
      </marc:datafield>
      <marc:datafield tag="931" ind1="1" ind2=" ">
         <marc:subfield code="a">Gaines, Alisha</marc:subfield>
         <marc:subfield code="e">professor directing dissertation</marc:subfield>
         <marc:subfield code="9">LOCAL</marc:subfield>
      </marc:datafield>
      <marc:datafield tag="931" ind1="1" ind2=" ">
         <marc:subfield code="a">Jones, Maxine Deloris</marc:subfield>
         <marc:subfield code="e">university representative</marc:subfield>
         <marc:subfield code="9">LOCAL</marc:subfield>
      </marc:datafield>
      <marc:datafield tag="931" ind1="1" ind2=" ">
         <marc:subfield code="a">McGregory, Jerrilyn</marc:subfield>
         <marc:subfield code="e">committee member</marc:subfield>
         <marc:subfield code="9">LOCAL</marc:subfield>
      </marc:datafield>
      <marc:datafield tag="931" ind1="1" ind2=" ">
         <marc:subfield code="a">Edwards, Leigh H.</marc:subfield>
         <marc:subfield code="d">1970-</marc:subfield>
         <marc:subfield code="e">committee member</marc:subfield>
         <marc:subfield code="9">LOCAL</marc:subfield>
      </marc:datafield>
      <marc:datafield tag="932" ind1="2" ind2=" ">
         <marc:subfield code="a">Department of English.</marc:subfield>
         <marc:subfield code="9">LOCAL</marc:subfield>
      </marc:datafield>
      <marc:datafield tag="904" ind1=" " ind2=" ">
         <marc:subfield code="a">4</marc:subfield>
         <marc:subfield code="9">LOCAL</marc:subfield>
      </marc:datafield>
   </marc:record>