
   <marc:record>
      <marc:leader>     nam  22     Ki 4500</marc:leader>
      <marc:controlfield tag="006">m     o  d        </marc:controlfield>
      <marc:controlfield tag="007">cr |||||||||||</marc:controlfield>
      <marc:controlfield tag="008">      s2020    flu     obm   000 0  d</marc:controlfield>
      <marc:datafield tag="040" ind1=" " ind2=" ">
         <marc:subfield code="a">FDA</marc:subfield>
         <marc:subfield code="b">eng</marc:subfield>
         <marc:subfield code="e">rda</marc:subfield>
         <marc:subfield code="c">FDA</marc:subfield>
      </marc:datafield>
      <marc:datafield tag="100" ind1="1" ind2=" ">
         <marc:subfield code="a">Dieseldorff Jones, Karissa M. Dieseldorff</marc:subfield>
         <marc:subfield code="e">author</marc:subfield>
      </marc:datafield>
      <marc:datafield tag="245" ind1="1" ind2="2">
         <marc:subfield code="a">A Murine Study on Troponin Mutations to Understand Disease Mechanism and Treatment of Cardiomyopathy</marc:subfield>
         <marc:subfield code="c">Karissa M. Dieseldorff Jones</marc:subfield>
      </marc:datafield>
      <marc:datafield tag="264" ind1=" " ind2="1">
         <marc:subfield code="a">Tallahassee, Florida :</marc:subfield>
         <marc:subfield code="b">Florida State University</marc:subfield>
         <marc:subfield code="c">2020</marc:subfield>
      </marc:datafield>
      <marc:datafield tag="300" ind1=" " ind2=" ">
         <marc:subfield code="a">1 online resource (114 pages)</marc:subfield>
      </marc:datafield>
      <marc:datafield tag="336" ind1=" " ind2=" ">
         <marc:subfield code="a">text</marc:subfield>
         <marc:subfield code="b">txt</marc:subfield>
         <marc:subfield code="2">rdacontent</marc:subfield>
      </marc:datafield>
      <marc:datafield tag="337" ind1=" " ind2=" ">
         <marc:subfield code="a">computer</marc:subfield>
         <marc:subfield code="b">c</marc:subfield>
         <marc:subfield code="2">rdamedia</marc:subfield>
      </marc:datafield>
      <marc:datafield tag="338" ind1=" " ind2=" ">
         <marc:subfield code="a">online resource</marc:subfield>
         <marc:subfield code="b">cr</marc:subfield>
         <marc:subfield code="2">rdacarrier</marc:subfield>
      </marc:datafield>
      <marc:datafield tag="347" ind1=" " ind2=" ">
         <marc:subfield code="a">text file</marc:subfield>
         <marc:subfield code="b">PDF</marc:subfield>
         <marc:subfield code="2">rda</marc:subfield>
      </marc:datafield>
      <marc:datafield tag="538" ind1=" " ind2=" ">
         <marc:subfield code="a">System requirements: Adobe Reader or other PDF viewer.</marc:subfield>
      </marc:datafield>
      <marc:datafield tag="588" ind1=" " ind2=" ">
         <marc:subfield code="a">Description based on online resource; title from PDF title page.</marc:subfield>
      </marc:datafield>
      <marc:datafield tag="500" ind1=" " ind2=" ">
         <marc:subfield code="a">Extent pagination is PDF page count.</marc:subfield>
      </marc:datafield>
      <marc:datafield tag="500" ind1=" " ind2=" ">
         <marc:subfield code="a">Advisory committee: Jose Renato Pinto, Professor Directing Dissertation; Prescott Bryant Chase, University Representative; James Michael Overton, Committee Member; Choogon Lee, Committee Member.</marc:subfield>
      </marc:datafield>
      <marc:datafield tag="500" ind1=" " ind2=" ">
         <marc:subfield code="a">A Dissertation submitted to the Department of Biomedical Sciences in partial fulfillment of the requirements for the degree of Doctor of Philosophy.</marc:subfield>
      </marc:datafield>
      <marc:datafield tag="500" ind1=" " ind2=" ">
         <marc:subfield code="a">Date of Defense: February 24, 2020</marc:subfield>
      </marc:datafield>
      <marc:datafield tag="500" ind1=" " ind2=" ">
         <marc:subfield code="a">Keywords: Cardiomyopathy, Dilated, Genetic, Hypertrophic, Mutations</marc:subfield>
      </marc:datafield>
      <marc:datafield tag="502" ind1=" " ind2=" ">
         <marc:subfield code="b">Ph.D.</marc:subfield>
         <marc:subfield code="c">Florida State University</marc:subfield>
         <marc:subfield code="d">2020.</marc:subfield>
      </marc:datafield>
      <marc:datafield tag="520" ind1="3" ind2=" ">
         <marc:subfield code="a">Possibly affecting at least 1.5 million Americans today, cardiomyopathy greatly contributes to the reign of heart disease as the number one killer in the United States. Consisting of four main disease manifestations (hypertrophic, dilated, restrictive, and arrythmogenic right ventricular), this heterogeneous group of myocardium diseases can cause an array of dysfunction often leading to heart failure related disability or death. Interestingly, cardiomyopathy has been associated to sarcomeric variants. Therefore, the goal of my dissertation research was to elucidate calcium sensitivity in the attenuation of two mutations with opposing cardiomyopathy phenotypes, to dive deeper into a possible treatment method for a strong calcium sensitizing cardiomyopathy mutation, and to further classify transcriptomic as well as sex differences observed within our cardiomyopathy mouse model. In order to test the hypothesis that two mutations with opposing effects on myofilament calcium sensitivity, a cardiomyopathy indicator, could attenuate disease manifestation, we interbred the HCM-associated cTnT-I79N mouse model and the DCM-associated cTnT-R141W+/- mouse model which exhibit calcium sensitivity and de-sensitivity, respectively. We analyzed the skinned cardiac muscle preparation, echocardiography, fibrosis content, heart weight, and ex vivo pacing of the progeny of these two breeding pairs. Overall, we found that attenuation was possible for the progeny with a lessened calcium sensitivity in cardiac preparations, attenuated hemodynamics, lessened fibrosis content, and complete ablation of arrhythmia and electrocardiogram QRS widening. With the previous study pinpointing calcium sensitivity as a promising venue for hypertrophic cardiomyopathy treatment exploration, we looked to the main calcium sensor subunit of troponin and the HCM cTnC-A8V mouse model that had been previously characterized in our lab for more answers. Importantly, the previous study provided a proof of concept that a cardiomyopathy phenotype could be attenuated in utero as we were studying the bred progeny of our mutant mice pairing. However, in a true human experience, a patient would be diagnosed post disease manifestation. To mimic this scenario we chose to design an experiment of hypertrophic cardiomyopathy “treatment” post disease manifestation. Multiple studies have elucidated the role of phosphorylated regulatory light chain (RLC) plays in enhancing contraction. Furthermore, cardiac myosin light chain kinase (cMLCK) has also been extensively studied in its dedicated role as an RLC phosphorylator. Pinpointing cMLCK as a viable target for therapeutic treatment of a calcium sensitizing HCM mutation, we decided to breed a conditional cMLCK knock-out mouse with our cTnC-A8V mouse model. This proved a conditional cMLCK knock-out cTnC-A8V mouse, which we could allow to progress through natural disease and choose when to “treat” the effects of the mutation by knocking out a main RLC phosphorylator. In effect, this would test the hypothesis that a lessening of myosin head availability to bind, by the dephosphorylation of myosin heads, would therefore decrease contraction in a mouse model whose hypertrophy is majorly impacted by its hyper-contractile phenotype due to a genetically heightened calcium sensitivity. To study the effects of this experimental set-up analysis was done on echocardiography, heart weight to tibia length ratios, histopathology, fibrosis quantification, Pressure-volume loops, protein quantification through western blots, and RNA sequencing, before and after treatment. This project is currently underway. The last experiment is a branch off of the cTnC-A8V experiment, which specifically views the transcriptomic profile of the HCM mouse model to discover dimorphisms. After analyzing the echocardiography of some of the cTnC-A8V mice, slightly noticeable sexual differences seemed hidden in the morphology. Sure enough this became evident in analysis. Therefore we ran RNA sequencing on male and female cTnC-A8V mice and their controls to further explore this sexual dimorphism. This study uncovered multiple avenues for further HCM exploration and may explain many of the physical differences we see between the male and female HCM hearts. This experiment has concluded and is currently being reviewed for publication. Overall, calcium sensitivity and its role in contraction, stress, and thus, hypertrophy, plays an important role in cardiomyopathy and can be attenuated. The HCM cTnC-A8V mutation exhibits sex differences especially in metabolism and hypertrophy response. Furthermore, cMLCK has proved itself a promising therapeutic target for HCM.</marc:subfield>
      </marc:datafield>
      <marc:datafield tag="504" ind1=" " ind2=" ">
         <marc:subfield code="a">Includes bibliographical references.</marc:subfield>
      </marc:datafield>
      <marc:datafield tag="506" ind1=" " ind2=" ">
         <marc:subfield code="a">This thesis/dissertation may be embargoed for a limited time. Click access link to check availability.</marc:subfield>
      </marc:datafield>
      <marc:datafield tag="650" ind1=" " ind2="0">
         <marc:subfield code="a">Medical sciences</marc:subfield>
      </marc:datafield>
      <marc:datafield tag="655" ind1=" " ind2="7">
         <marc:subfield code="a">Electronic Thesis or Dissertation.</marc:subfield>
         <marc:subfield code="2">dct</marc:subfield>
      </marc:datafield>
      <marc:datafield tag="690" ind1=" " ind2="7">
         <marc:subfield code="a">FSU Dissertations.</marc:subfield>
         <marc:subfield code="2">local</marc:subfield>
         <marc:subfield code="9">LOCAL</marc:subfield>
      </marc:datafield>
      <marc:datafield tag="710" ind1="2" ind2=" ">
         <marc:subfield code="a">Florida State University.</marc:subfield>
         <marc:subfield code="e">degree granting instution.</marc:subfield>
         <marc:subfield code="0">http://id.loc.gov/authorities/names/n80126238</marc:subfield>
      </marc:datafield>
      <marc:datafield tag="931" ind1="1" ind2=" ">
         <marc:subfield code="a">Pinto, Jose R.</marc:subfield>
         <marc:subfield code="q">(Jose Renato)</marc:subfield>
         <marc:subfield code="e">professor directing dissertation</marc:subfield>
         <marc:subfield code="9">LOCAL</marc:subfield>
      </marc:datafield>
      <marc:datafield tag="931" ind1="1" ind2=" ">
         <marc:subfield code="a">Chase, P. Bryant</marc:subfield>
         <marc:subfield code="e">university representative</marc:subfield>
         <marc:subfield code="9">LOCAL</marc:subfield>
      </marc:datafield>
      <marc:datafield tag="931" ind1="1" ind2=" ">
         <marc:subfield code="a">Overton, J. Michael</marc:subfield>
         <marc:subfield code="q">(James Michael)</marc:subfield>
         <marc:subfield code="e">committee member</marc:subfield>
         <marc:subfield code="9">LOCAL</marc:subfield>
      </marc:datafield>
      <marc:datafield tag="931" ind1="1" ind2=" ">
         <marc:subfield code="a">Lee, Choogon</marc:subfield>
         <marc:subfield code="e">committee member</marc:subfield>
         <marc:subfield code="9">LOCAL</marc:subfield>
      </marc:datafield>
      <marc:datafield tag="932" ind1="2" ind2=" ">
         <marc:subfield code="a">Department of Biomedical Sciences.</marc:subfield>
         <marc:subfield code="9">LOCAL</marc:subfield>
      </marc:datafield>
      <marc:datafield tag="904" ind1=" " ind2=" ">
         <marc:subfield code="a">4</marc:subfield>
         <marc:subfield code="9">LOCAL</marc:subfield>
      </marc:datafield>
   </marc:record>