
   <marc:record>
      <marc:leader>     nam  22     Ki 4500</marc:leader>
      <marc:controlfield tag="006">m     o  d        </marc:controlfield>
      <marc:controlfield tag="007">cr |||||||||||</marc:controlfield>
      <marc:controlfield tag="008">      s2020    flu     obm   000 0  d</marc:controlfield>
      <marc:datafield tag="040" ind1=" " ind2=" ">
         <marc:subfield code="a">FDA</marc:subfield>
         <marc:subfield code="b">eng</marc:subfield>
         <marc:subfield code="e">rda</marc:subfield>
         <marc:subfield code="c">FDA</marc:subfield>
      </marc:datafield>
      <marc:datafield tag="100" ind1="1" ind2=" ">
         <marc:subfield code="a">Ellis, Aaron Moore</marc:subfield>
         <marc:subfield code="e">author</marc:subfield>
      </marc:datafield>
      <marc:datafield tag="245" ind1="1" ind2="4">
         <marc:subfield code="a">The "Total Work" and Political Implications of the Open Program of the Workcenter of Jerzy Grotowski and Thomas Richards :</marc:subfield>
         <marc:subfield code="b">Shuttling
         between the Workcenter and Our "World in Crisis"</marc:subfield>
         <marc:subfield code="c">Aaron Moore Ellis</marc:subfield>
      </marc:datafield>
      <marc:datafield tag="264" ind1=" " ind2="1">
         <marc:subfield code="a">Tallahassee, Florida :</marc:subfield>
         <marc:subfield code="b">Florida State University</marc:subfield>
         <marc:subfield code="c">2020</marc:subfield>
      </marc:datafield>
      <marc:datafield tag="300" ind1=" " ind2=" ">
         <marc:subfield code="a">1 online resource (203 pages)</marc:subfield>
      </marc:datafield>
      <marc:datafield tag="336" ind1=" " ind2=" ">
         <marc:subfield code="a">text</marc:subfield>
         <marc:subfield code="b">txt</marc:subfield>
         <marc:subfield code="2">rdacontent</marc:subfield>
      </marc:datafield>
      <marc:datafield tag="337" ind1=" " ind2=" ">
         <marc:subfield code="a">computer</marc:subfield>
         <marc:subfield code="b">c</marc:subfield>
         <marc:subfield code="2">rdamedia</marc:subfield>
      </marc:datafield>
      <marc:datafield tag="338" ind1=" " ind2=" ">
         <marc:subfield code="a">online resource</marc:subfield>
         <marc:subfield code="b">cr</marc:subfield>
         <marc:subfield code="2">rdacarrier</marc:subfield>
      </marc:datafield>
      <marc:datafield tag="347" ind1=" " ind2=" ">
         <marc:subfield code="a">text file</marc:subfield>
         <marc:subfield code="b">PDF</marc:subfield>
         <marc:subfield code="2">rda</marc:subfield>
      </marc:datafield>
      <marc:datafield tag="538" ind1=" " ind2=" ">
         <marc:subfield code="a">System requirements: Adobe Reader or other PDF viewer.</marc:subfield>
      </marc:datafield>
      <marc:datafield tag="588" ind1=" " ind2=" ">
         <marc:subfield code="a">Description based on online resource; title from PDF title page.</marc:subfield>
      </marc:datafield>
      <marc:datafield tag="500" ind1=" " ind2=" ">
         <marc:subfield code="a">Extent pagination is PDF page count.</marc:subfield>
      </marc:datafield>
      <marc:datafield tag="500" ind1=" " ind2=" ">
         <marc:subfield code="a">Advisory committee: Kris Salata, Professor Directing Dissertation; Donna M. Nudd, University Representative; Hannah Schwadron, Committee Member; Aaron C. Thomas, Committee Member.</marc:subfield>
      </marc:datafield>
      <marc:datafield tag="500" ind1=" " ind2=" ">
         <marc:subfield code="a">A Dissertation submitted to the School of Theatre in partial fulfillment of the requirements for the degree of Doctor of Philosophy.</marc:subfield>
      </marc:datafield>
      <marc:datafield tag="500" ind1=" " ind2=" ">
         <marc:subfield code="a">Date of Defense: April 7, 2020</marc:subfield>
      </marc:datafield>
      <marc:datafield tag="500" ind1=" " ind2=" ">
         <marc:subfield code="a">Keywords: Bronx, NYC, Ethics, Open Program, Performance, Politics, The Workcenterer of Jerzy Grotowski and Thomas Richards</marc:subfield>
      </marc:datafield>
      <marc:datafield tag="502" ind1=" " ind2=" ">
         <marc:subfield code="b">Ph.D.</marc:subfield>
         <marc:subfield code="c">Florida State University</marc:subfield>
         <marc:subfield code="d">2020.</marc:subfield>
      </marc:datafield>
      <marc:datafield tag="520" ind1="3" ind2=" ">
         <marc:subfield code="a">Theatre scholars and practitioners alike recognize the contributions of Jerzy Grotowski. His avant-garde, experimental, site-specific, immersive, participatory, ritual, and laboratory theatre research, signal turning points in world theatre. In 1970, Grotowski surprised the theatre world by announcing he would no longer engage in the production of theatre for public consumption. Grotowski’s apostasy set him and his colleagues on a course that would deepen and expand the possibilities for performance in the twentieth, and now twenty-first centuries. In 1986, Grotowski established a site called the Workcenter in the Tuscan countryside where the penultimate artistic phase of his life would continue after his death: Art as Vehicle. In 2007, Mario Biagini, a protégé of Grotowski’s who worked at the Workcenter since 1986, established the Open Program performance group at the Workcenter of Jerzy Grotowski and Thomas Richards. The Open Program extends Grotowski’s legacy into new terrain while maintaining continuity with Grotowski’s contributions. Critical attention to the threads they pull through from Grotowski’s life work also show the largely under-reported and under-theorized political purchase of Grotowski’s corpus, ranging from lectures and publications to research and performance practices. The Open Program explicitly builds community and produces performance work in response to troubling political climates locally and globally. Since 2014, the Open Program has engaged in intentional community-building in the Bronx borough of NYC, slowly occasioning an explicit politicization of their performance practices. Their project opens up new social and political territories and conceptions of work in the Grotowski lineage that, for me, call for a use of two terms: “total work,” that is, work seen beyond the boundaries of conventional theatre work; and “radical hospitality,” that is, a movement, with others, toward a “third” place, where ownership and accommodation, transactional calculation and objectification, are no longer the operative categories for engagement, but rather another mode of exchange and attention is generated, if only in precious moments. I draw upon participant observation, archival research, and extant literature to assemble a historical narrative that follows Grotowski’s life work into 2017. The project serves a historiographical purpose, being the first lengthy monograph in English to connect Grotowski’s well-recognized contributions to the Open Program. In order to fill in the historical record I rely on structured and unstructured interviews, as well as site-specific research and documentation in New York City, in Open Program hard drives, their archive-in-progress at Vallicelle, and in Mario Biagini’s personal library. My access to this invigorating overflow of information came as a result of extended fieldwork engagement several times in the Bronx, in Pontedera for a Summer Intensive and extended two week stay with international participants, and in a stint with the entire Workcenter in Paris for a robust schedule of film screenings, workshops, panel discussions, and presentations of Workcenter work. Throughout the duration of these studies, beginning largely when I first encountered the Open Program on Election Night, 2016, I examine the conditions which led to their Bronx-based work with special attention to its political and ethical implications for artists, community advocates, and scholars at the intersections of art and life, aesthetics and politics.</marc:subfield>
      </marc:datafield>
      <marc:datafield tag="504" ind1=" " ind2=" ">
         <marc:subfield code="a">Includes bibliographical references.</marc:subfield>
      </marc:datafield>
      <marc:datafield tag="506" ind1=" " ind2=" ">
         <marc:subfield code="a">This thesis/dissertation may be embargoed for a limited time. Click access link to check availability.</marc:subfield>
      </marc:datafield>
      <marc:datafield tag="650" ind1=" " ind2="0">
         <marc:subfield code="a">Theater</marc:subfield>
      </marc:datafield>
      <marc:datafield tag="655" ind1=" " ind2="7">
         <marc:subfield code="a">Electronic Thesis or Dissertation.</marc:subfield>
         <marc:subfield code="2">dct</marc:subfield>
      </marc:datafield>
      <marc:datafield tag="690" ind1=" " ind2="7">
         <marc:subfield code="a">FSU Dissertations.</marc:subfield>
         <marc:subfield code="2">local</marc:subfield>
         <marc:subfield code="9">LOCAL</marc:subfield>
      </marc:datafield>
      <marc:datafield tag="710" ind1="2" ind2=" ">
         <marc:subfield code="a">Florida State University.</marc:subfield>
         <marc:subfield code="e">degree granting instution.</marc:subfield>
         <marc:subfield code="0">http://id.loc.gov/authorities/names/n80126238</marc:subfield>
      </marc:datafield>
      <marc:datafield tag="931" ind1="1" ind2=" ">
         <marc:subfield code="a">Salata, Kris</marc:subfield>
         <marc:subfield code="e">professor directing dissertation</marc:subfield>
         <marc:subfield code="9">LOCAL</marc:subfield>
      </marc:datafield>
      <marc:datafield tag="931" ind1="1" ind2=" ">
         <marc:subfield code="a">Nudd, Donna M.</marc:subfield>
         <marc:subfield code="e">university representative</marc:subfield>
         <marc:subfield code="9">LOCAL</marc:subfield>
      </marc:datafield>
      <marc:datafield tag="931" ind1="1" ind2=" ">
         <marc:subfield code="a">Schwadron, Hannah</marc:subfield>
         <marc:subfield code="e">committee member</marc:subfield>
         <marc:subfield code="9">LOCAL</marc:subfield>
      </marc:datafield>
      <marc:datafield tag="931" ind1="1" ind2=" ">
         <marc:subfield code="a">Thomas, Aaron C.</marc:subfield>
         <marc:subfield code="e">committee member</marc:subfield>
         <marc:subfield code="9">LOCAL</marc:subfield>
      </marc:datafield>
      <marc:datafield tag="932" ind1="2" ind2=" ">
         <marc:subfield code="a">School of Theatre.</marc:subfield>
         <marc:subfield code="9">LOCAL</marc:subfield>
      </marc:datafield>
      <marc:datafield tag="904" ind1=" " ind2=" ">
         <marc:subfield code="a">4</marc:subfield>
         <marc:subfield code="9">LOCAL</marc:subfield>
      </marc:datafield>
   </marc:record>