
   <marc:record>
      <marc:leader>     nam  22     Ki 4500</marc:leader>
      <marc:controlfield tag="006">m     o  d        </marc:controlfield>
      <marc:controlfield tag="007">cr |||||||||||</marc:controlfield>
      <marc:controlfield tag="008">      s2020    flu     obm   000 0  d</marc:controlfield>
      <marc:datafield tag="040" ind1=" " ind2=" ">
         <marc:subfield code="a">FDA</marc:subfield>
         <marc:subfield code="b">eng</marc:subfield>
         <marc:subfield code="e">rda</marc:subfield>
         <marc:subfield code="c">FDA</marc:subfield>
      </marc:datafield>
      <marc:datafield tag="100" ind1="1" ind2=" ">
         <marc:subfield code="a">Everson, Sara C.</marc:subfield>
         <marc:subfield code="e">author</marc:subfield>
      </marc:datafield>
      <marc:datafield tag="245" ind1="1" ind2="0">
         <marc:subfield code="a">La Structure Sans Maître :</marc:subfield>
         <marc:subfield code="b">Considering Subjective Analysis through Three Analytical Vignettes of Recent Chamber Works by Women
         Composers</marc:subfield>
         <marc:subfield code="c">Sara C. Everson</marc:subfield>
      </marc:datafield>
      <marc:datafield tag="264" ind1=" " ind2="1">
         <marc:subfield code="a">Tallahassee, Florida :</marc:subfield>
         <marc:subfield code="b">Florida State University</marc:subfield>
         <marc:subfield code="c">2020</marc:subfield>
      </marc:datafield>
      <marc:datafield tag="300" ind1=" " ind2=" ">
         <marc:subfield code="a">1 online resource (133 pages)</marc:subfield>
      </marc:datafield>
      <marc:datafield tag="336" ind1=" " ind2=" ">
         <marc:subfield code="a">text</marc:subfield>
         <marc:subfield code="b">txt</marc:subfield>
         <marc:subfield code="2">rdacontent</marc:subfield>
      </marc:datafield>
      <marc:datafield tag="337" ind1=" " ind2=" ">
         <marc:subfield code="a">computer</marc:subfield>
         <marc:subfield code="b">c</marc:subfield>
         <marc:subfield code="2">rdamedia</marc:subfield>
      </marc:datafield>
      <marc:datafield tag="338" ind1=" " ind2=" ">
         <marc:subfield code="a">online resource</marc:subfield>
         <marc:subfield code="b">cr</marc:subfield>
         <marc:subfield code="2">rdacarrier</marc:subfield>
      </marc:datafield>
      <marc:datafield tag="347" ind1=" " ind2=" ">
         <marc:subfield code="a">text file</marc:subfield>
         <marc:subfield code="b">PDF</marc:subfield>
         <marc:subfield code="2">rda</marc:subfield>
      </marc:datafield>
      <marc:datafield tag="538" ind1=" " ind2=" ">
         <marc:subfield code="a">System requirements: Adobe Reader or other PDF viewer.</marc:subfield>
      </marc:datafield>
      <marc:datafield tag="588" ind1=" " ind2=" ">
         <marc:subfield code="a">Description based on online resource; title from PDF title page.</marc:subfield>
      </marc:datafield>
      <marc:datafield tag="500" ind1=" " ind2=" ">
         <marc:subfield code="a">Extent pagination is PDF page count.</marc:subfield>
      </marc:datafield>
      <marc:datafield tag="500" ind1=" " ind2=" ">
         <marc:subfield code="a">Advisory committee: Michael Buchler, Professor Directing Dissertation; Denise Von Glahn, University Representative; Evan Jones, Committee Member; Rachel Lumsden, Committee Member.</marc:subfield>
      </marc:datafield>
      <marc:datafield tag="500" ind1=" " ind2=" ">
         <marc:subfield code="a">A Dissertation submitted to the College of Music in partial fulfillment of the requirements for the degree of Doctor of Philosophy.</marc:subfield>
      </marc:datafield>
      <marc:datafield tag="500" ind1=" " ind2=" ">
         <marc:subfield code="a">Date of Defense: April 10, 2020</marc:subfield>
      </marc:datafield>
      <marc:datafield tag="502" ind1=" " ind2=" ">
         <marc:subfield code="b">Ph.D.</marc:subfield>
         <marc:subfield code="c">Florida State University</marc:subfield>
         <marc:subfield code="d">2020.</marc:subfield>
      </marc:datafield>
      <marc:datafield tag="520" ind1="3" ind2=" ">
         <marc:subfield code="a">All analysis is subjective, but certain methodologies focus on more positivistic aspects of music, or sometimes give a sense of objectivity by virtue of being widely accepted or deemed rigorous. This dissertation explores the opposite angle, offering three analytical vignettes of chamber music by women composers that put subjective impressions and ideas in the spotlight. Avoiding organicist ideas allows the listener experience and motivating questions to serve as the entry point for analysis. Furthermore, it allows other aspects of the music, or even ideas separate from the music, to receive analytical focus. New approaches will allow for more and changing works to be brought into the discussion. All analysis is subjective, but our best-accepted methodologies—the ones that are often considered most “rigorous”—tend to focus on musical elements that are relatively easy to delimit and on relationships that are tightly-knit. This dissertation explores the opposite, offering three analytical vignettes of chamber music by women composers that put subjective impressions and ideas in the spotlight. Laying aside organicist expectations allows listener experience and motivating questions—what is heard in the music that draws the listener in or cannot be forgotten about—to serve as the entry point for analysis. Furthermore, it allows other aspects of the music, or even ideas separate from the music, to receive analytical focus. New approaches will allow for more and different works—including those previously excluded because of their lack of compatibility with available methodologies—to be analyzed brought into the discussion. In Chapter 1, I describe Judith Lochhead’s three-part approach to analysis, as well as discuss other works that have contributed to my thinking. These sources include music theory and musicology texts, feminist theoretical works, disability theory, and critical race studies. Chapters 2-4 each focus on the work of a different composer using Lochhead’s general approach of investigating, mapping, and speculating. In Chapter 2, I analyze Roulette and A Wonderful Day by British-American composer Anna Clyne, relating my hearing of the human sounds on fixed media to feminist scholar Donna Haraway’s “Manifesto for Cyborgs.” Haraway’s explanation of the cyborg, a creature of a post-gender world, shapes my understanding of Clyne’s music, specifically the engagement between human and machine. Through this lens I consider the implications of minimalism and the role of the performers in the broader presentation of the pieces. In Chapter 3 I engage with the gendered through-lines of emotional labour in Kate Soper’s “Only the Words Themselves Mean What They Say.” I identify multiple modes of presentation as a way of considering the text and interaction between performers. In Chapter 4, I draw upon biographical information and my own curiosity about Sofia Gubaidulina’s Silenzio to investigate representations of sound and silence in the piece. I read that repetition, register, and timbre are utilized to explore and musically represent different kinds of silence. Chapter 5 provides a summary and discussion of my analytical goals, and includes ideas for future projects.</marc:subfield>
      </marc:datafield>
      <marc:datafield tag="504" ind1=" " ind2=" ">
         <marc:subfield code="a">Includes bibliographical references.</marc:subfield>
      </marc:datafield>
      <marc:datafield tag="655" ind1=" " ind2="7">
         <marc:subfield code="a">Electronic Thesis or Dissertation.</marc:subfield>
         <marc:subfield code="2">dct</marc:subfield>
      </marc:datafield>
      <marc:datafield tag="690" ind1=" " ind2="7">
         <marc:subfield code="a">FSU Dissertations.</marc:subfield>
         <marc:subfield code="2">local</marc:subfield>
         <marc:subfield code="9">LOCAL</marc:subfield>
      </marc:datafield>
      <marc:datafield tag="710" ind1="2" ind2=" ">
         <marc:subfield code="a">Florida State University.</marc:subfield>
         <marc:subfield code="e">degree granting instution.</marc:subfield>
         <marc:subfield code="0">http://id.loc.gov/authorities/names/n80126238</marc:subfield>
      </marc:datafield>
      <marc:datafield tag="931" ind1="1" ind2=" ">
         <marc:subfield code="a">Buchler, Michael Howard</marc:subfield>
         <marc:subfield code="d">1966-</marc:subfield>
         <marc:subfield code="e">professor directing dissertation</marc:subfield>
         <marc:subfield code="9">LOCAL</marc:subfield>
      </marc:datafield>
      <marc:datafield tag="931" ind1="1" ind2=" ">
         <marc:subfield code="a">Von Glahn, Denise</marc:subfield>
         <marc:subfield code="d">1950-</marc:subfield>
         <marc:subfield code="e">university representative</marc:subfield>
         <marc:subfield code="9">LOCAL</marc:subfield>
      </marc:datafield>
      <marc:datafield tag="931" ind1="1" ind2=" ">
         <marc:subfield code="a">Jones, Evan Allan</marc:subfield>
         <marc:subfield code="e">committee member</marc:subfield>
         <marc:subfield code="9">LOCAL</marc:subfield>
      </marc:datafield>
      <marc:datafield tag="931" ind1="1" ind2=" ">
         <marc:subfield code="a">Lumsden, Rachel</marc:subfield>
         <marc:subfield code="d">1977-</marc:subfield>
         <marc:subfield code="e">committee member</marc:subfield>
         <marc:subfield code="9">LOCAL</marc:subfield>
      </marc:datafield>
      <marc:datafield tag="932" ind1="2" ind2=" ">
         <marc:subfield code="a">College of Music.</marc:subfield>
         <marc:subfield code="9">LOCAL</marc:subfield>
      </marc:datafield>
      <marc:datafield tag="904" ind1=" " ind2=" ">
         <marc:subfield code="a">0</marc:subfield>
         <marc:subfield code="9">LOCAL</marc:subfield>
      </marc:datafield>
   </marc:record>