
   <marc:record>
      <marc:leader>     nam  22     Ki 4500</marc:leader>
      <marc:controlfield tag="006">m     o  d        </marc:controlfield>
      <marc:controlfield tag="007">cr |||||||||||</marc:controlfield>
      <marc:controlfield tag="008">      s2020    flu     obm   000 0  d</marc:controlfield>
      <marc:datafield tag="040" ind1=" " ind2=" ">
         <marc:subfield code="a">FDA</marc:subfield>
         <marc:subfield code="b">eng</marc:subfield>
         <marc:subfield code="e">rda</marc:subfield>
         <marc:subfield code="c">FDA</marc:subfield>
      </marc:datafield>
      <marc:datafield tag="100" ind1="1" ind2=" ">
         <marc:subfield code="a">Fink, Stanley Ralph</marc:subfield>
         <marc:subfield code="e">author</marc:subfield>
      </marc:datafield>
      <marc:datafield tag="245" ind1="1" ind2="0">
         <marc:subfield code="a">Analyzing Pitch in Benjamin Britten's Parables for Church Performance</marc:subfield>
         <marc:subfield code="c">Stanley Ralph Fink</marc:subfield>
      </marc:datafield>
      <marc:datafield tag="264" ind1=" " ind2="1">
         <marc:subfield code="a">Tallahassee, Florida :</marc:subfield>
         <marc:subfield code="b">Florida State University</marc:subfield>
         <marc:subfield code="c">2020</marc:subfield>
      </marc:datafield>
      <marc:datafield tag="300" ind1=" " ind2=" ">
         <marc:subfield code="a">1 online resource (209 pages)</marc:subfield>
      </marc:datafield>
      <marc:datafield tag="336" ind1=" " ind2=" ">
         <marc:subfield code="a">text</marc:subfield>
         <marc:subfield code="b">txt</marc:subfield>
         <marc:subfield code="2">rdacontent</marc:subfield>
      </marc:datafield>
      <marc:datafield tag="337" ind1=" " ind2=" ">
         <marc:subfield code="a">computer</marc:subfield>
         <marc:subfield code="b">c</marc:subfield>
         <marc:subfield code="2">rdamedia</marc:subfield>
      </marc:datafield>
      <marc:datafield tag="338" ind1=" " ind2=" ">
         <marc:subfield code="a">online resource</marc:subfield>
         <marc:subfield code="b">cr</marc:subfield>
         <marc:subfield code="2">rdacarrier</marc:subfield>
      </marc:datafield>
      <marc:datafield tag="347" ind1=" " ind2=" ">
         <marc:subfield code="a">text file</marc:subfield>
         <marc:subfield code="b">PDF</marc:subfield>
         <marc:subfield code="2">rda</marc:subfield>
      </marc:datafield>
      <marc:datafield tag="538" ind1=" " ind2=" ">
         <marc:subfield code="a">System requirements: Adobe Reader or other PDF viewer.</marc:subfield>
      </marc:datafield>
      <marc:datafield tag="588" ind1=" " ind2=" ">
         <marc:subfield code="a">Description based on online resource; title from PDF title page.</marc:subfield>
      </marc:datafield>
      <marc:datafield tag="500" ind1=" " ind2=" ">
         <marc:subfield code="a">Extent pagination is PDF page count.</marc:subfield>
      </marc:datafield>
      <marc:datafield tag="500" ind1=" " ind2=" ">
         <marc:subfield code="a">Advisory committee: Evan A. Jones, Professor Co-Directing Dissertation; Rachel Lumsden, Professor Co-Directing Dissertation; Matthew Lata, University Representative; Jane Piper Clendinning, Committee Member.</marc:subfield>
      </marc:datafield>
      <marc:datafield tag="500" ind1=" " ind2=" ">
         <marc:subfield code="a">A Dissertation submitted to the College of Music in partial fulfillment of the requirements for the degree of Doctor of Philosophy.</marc:subfield>
      </marc:datafield>
      <marc:datafield tag="500" ind1=" " ind2=" ">
         <marc:subfield code="a">Date of Defense: April 9, 2020</marc:subfield>
      </marc:datafield>
      <marc:datafield tag="500" ind1=" " ind2=" ">
         <marc:subfield code="a">Keywords: analysis, Benjamin Britten, church parables, music theory, post-tonal</marc:subfield>
      </marc:datafield>
      <marc:datafield tag="502" ind1=" " ind2=" ">
         <marc:subfield code="b">Ph.D.</marc:subfield>
         <marc:subfield code="c">Florida State University</marc:subfield>
         <marc:subfield code="d">2020.</marc:subfield>
      </marc:datafield>
      <marc:datafield tag="520" ind1="3" ind2=" ">
         <marc:subfield code="a">This dissertation analyzes the organization of pitch in Benjamin Britten’s parables for church performance: Curlew River (1964), The Burning Fiery Furnace (1966), and The Prodigal Son (1968). On account of their varied influences (including medieval, modernist, and non-Western music), these three works raise questions about the suitability of mainstream tonal and post-tonal analytical techniques. This dissertation proposes that the pitch organization of these works be understood as the selective combination of certain features of an ambiguously-articulated tonality. Often, Britten transforms motives by using both modal alteration and post-tonal pc-based operations. The motivic iterations that result reflect the organizational influence of the diatonic collection without necessarily contributing to a sense of tonality. Elsewhere, Britten distills properties like stepwise motion and the distinction between collection membership and non-membership from tonality, applying them to other pitch structures. These varying approaches to pitch organization frequently correlate with the characterizations, actions, and narrative of the stories as they unfold. Chapter 1 provides background on the parables for church performance before reviewing literature that touches upon the major areas of theoretical inquiry. These areas include previous analyses of Britten’s music, gender, sexuality, and disability studies, approaches to twentieth-century tonal music and post-tonal diatonicism, and analytical approaches to non-Western music. Chapter 2 critically examines some published readings of tonality in the church parables, finding some disagreement and a general trend of oversimplification. The analytical portion of the chapter takes as its point of departure Britten’s development of borrowed modal melodies. As diatonic subsets, these borrowed melodies may be modally altered; within the modernist contexts that Britten introduces, they may also be chromatically transposed and inverted. Polyphonic combinations of modally-altered melodies lead to innovative counterpoint and speculative dissonance treatment. Since Britten borrowed these modal melodies from sacred music, their analysis relates to the religious themes of the works. Chapter 3 examines the role of chromaticism in music written for the Madwoman, Nebuchadnezzar, and the Tempter—three roles all debuted by Britten’s partner, Peter Pears. Musically, Britten depicts the Madwoman’s madness through the use of inversional symmetry, fuzzy transposition, and tonally incongruous pitch classes and sets. In music associated with Nebuchadnezzar, Britten dissociates ornamental gestures from their traditional contexts and applies them to the octatonic collection. Concealed pitch-class symmetries add to the othering of the Tempter, especially against the musical backdrop of the stable tonality associated with the Father (a foil of sorts). Analysis reveals that chromatic pitch organization contributes to the characterization of these principal roles. Chapter 4 traces a similar analytical thread through the parables, now focusing on secondary and supporting characters. In Curlew River, chromaticism, near relations, and fuzzy relations serve to musically set the Ferryman in relief against the modal music associated with other minor characters. Modal alterations of a motive in The Burning Fiery Furnace suggest the interpretation of the diatonic collection as a “container,” a metaphor for the circumscription of Nebuchadnezzar’s courtiers’ power. Chapter 4 also highlights strict harmonic and melodic coordination in music associated with the Father’s Servants that musically depicts repressive diligence. Chapter 5 considers the pitch organization of select passages in the church parables that display the influence of non-Western music. In certain passages, Britten synthesizes sonorities inspired by a Japanese instrument (the shō) with Western approaches to harmonic progression and voice leading. By tracing the influence of shō performance practice on the parables, this chapter furnishes yet another perspective on the vestiges of tonality to be found in Britten’s later music.</marc:subfield>
      </marc:datafield>
      <marc:datafield tag="504" ind1=" " ind2=" ">
         <marc:subfield code="a">Includes bibliographical references.</marc:subfield>
      </marc:datafield>
      <marc:datafield tag="655" ind1=" " ind2="7">
         <marc:subfield code="a">Electronic Thesis or Dissertation.</marc:subfield>
         <marc:subfield code="2">dct</marc:subfield>
      </marc:datafield>
      <marc:datafield tag="690" ind1=" " ind2="7">
         <marc:subfield code="a">FSU Dissertations.</marc:subfield>
         <marc:subfield code="2">local</marc:subfield>
         <marc:subfield code="9">LOCAL</marc:subfield>
      </marc:datafield>
      <marc:datafield tag="710" ind1="2" ind2=" ">
         <marc:subfield code="a">Florida State University.</marc:subfield>
         <marc:subfield code="e">degree granting instution.</marc:subfield>
         <marc:subfield code="0">http://id.loc.gov/authorities/names/n80126238</marc:subfield>
      </marc:datafield>
      <marc:datafield tag="931" ind1="1" ind2=" ">
         <marc:subfield code="a">Jones, Evan Allan</marc:subfield>
         <marc:subfield code="e">professor co-directing dissertation</marc:subfield>
         <marc:subfield code="9">LOCAL</marc:subfield>
      </marc:datafield>
      <marc:datafield tag="931" ind1="1" ind2=" ">
         <marc:subfield code="a">Lumsden, Rachel</marc:subfield>
         <marc:subfield code="d">1977-</marc:subfield>
         <marc:subfield code="e">professor co-directing dissertation</marc:subfield>
         <marc:subfield code="9">LOCAL</marc:subfield>
      </marc:datafield>
      <marc:datafield tag="931" ind1="1" ind2=" ">
         <marc:subfield code="a">Lata, Matthew L.</marc:subfield>
         <marc:subfield code="e">university representative</marc:subfield>
         <marc:subfield code="9">LOCAL</marc:subfield>
      </marc:datafield>
      <marc:datafield tag="931" ind1="1" ind2=" ">
         <marc:subfield code="a">Clendinning, Jane Piper</marc:subfield>
         <marc:subfield code="e">committee member</marc:subfield>
         <marc:subfield code="9">LOCAL</marc:subfield>
      </marc:datafield>
      <marc:datafield tag="932" ind1="2" ind2=" ">
         <marc:subfield code="a">College of Music.</marc:subfield>
         <marc:subfield code="9">LOCAL</marc:subfield>
      </marc:datafield>
      <marc:datafield tag="904" ind1=" " ind2=" ">
         <marc:subfield code="a">0</marc:subfield>
         <marc:subfield code="9">LOCAL</marc:subfield>
      </marc:datafield>
   </marc:record>