
   <marc:record>
      <marc:leader>     nam  22     Ki 4500</marc:leader>
      <marc:controlfield tag="006">m     o  d        </marc:controlfield>
      <marc:controlfield tag="007">cr |||||||||||</marc:controlfield>
      <marc:controlfield tag="008">      s2020    flu     obm   000 0  d</marc:controlfield>
      <marc:datafield tag="040" ind1=" " ind2=" ">
         <marc:subfield code="a">FDA</marc:subfield>
         <marc:subfield code="b">eng</marc:subfield>
         <marc:subfield code="e">rda</marc:subfield>
         <marc:subfield code="c">FDA</marc:subfield>
      </marc:datafield>
      <marc:datafield tag="100" ind1="1" ind2=" ">
         <marc:subfield code="a">Fitzgerald, Elizabeth Helen</marc:subfield>
         <marc:subfield code="e">author</marc:subfield>
      </marc:datafield>
      <marc:datafield tag="245" ind1="1" ind2="0">
         <marc:subfield code="a">Prognostic Value of Psychological Factors for Eating Pathology at 10-, 20- and 30-Year Follow-Up</marc:subfield>
         <marc:subfield code="c">Elizabeth Helen Fitzgerald</marc:subfield>
      </marc:datafield>
      <marc:datafield tag="264" ind1=" " ind2="1">
         <marc:subfield code="a">Tallahassee, Florida :</marc:subfield>
         <marc:subfield code="b">Florida State University</marc:subfield>
         <marc:subfield code="c">2020</marc:subfield>
      </marc:datafield>
      <marc:datafield tag="300" ind1=" " ind2=" ">
         <marc:subfield code="a">1 online resource (37 pages)</marc:subfield>
      </marc:datafield>
      <marc:datafield tag="336" ind1=" " ind2=" ">
         <marc:subfield code="a">text</marc:subfield>
         <marc:subfield code="b">txt</marc:subfield>
         <marc:subfield code="2">rdacontent</marc:subfield>
      </marc:datafield>
      <marc:datafield tag="337" ind1=" " ind2=" ">
         <marc:subfield code="a">computer</marc:subfield>
         <marc:subfield code="b">c</marc:subfield>
         <marc:subfield code="2">rdamedia</marc:subfield>
      </marc:datafield>
      <marc:datafield tag="338" ind1=" " ind2=" ">
         <marc:subfield code="a">online resource</marc:subfield>
         <marc:subfield code="b">cr</marc:subfield>
         <marc:subfield code="2">rdacarrier</marc:subfield>
      </marc:datafield>
      <marc:datafield tag="347" ind1=" " ind2=" ">
         <marc:subfield code="a">text file</marc:subfield>
         <marc:subfield code="b">PDF</marc:subfield>
         <marc:subfield code="2">rda</marc:subfield>
      </marc:datafield>
      <marc:datafield tag="538" ind1=" " ind2=" ">
         <marc:subfield code="a">System requirements: Adobe Reader or other PDF viewer.</marc:subfield>
      </marc:datafield>
      <marc:datafield tag="588" ind1=" " ind2=" ">
         <marc:subfield code="a">Description based on online resource; title from PDF title page.</marc:subfield>
      </marc:datafield>
      <marc:datafield tag="500" ind1=" " ind2=" ">
         <marc:subfield code="a">Extent pagination is PDF page count.</marc:subfield>
      </marc:datafield>
      <marc:datafield tag="500" ind1=" " ind2=" ">
         <marc:subfield code="a">Advisory committee: Pamela Keel, Professor Directing Thesis; Alexandria Meyer, Committee Member; Colleen Ganley, Committee Member.</marc:subfield>
      </marc:datafield>
      <marc:datafield tag="500" ind1=" " ind2=" ">
         <marc:subfield code="a">A Thesis submitted to the Department of Psychology in partial fulfillment of the requirements for the degree of Master of Science.</marc:subfield>
      </marc:datafield>
      <marc:datafield tag="500" ind1=" " ind2=" ">
         <marc:subfield code="a">Date of Defense: March 25, 2020</marc:subfield>
      </marc:datafield>
      <marc:datafield tag="500" ind1=" " ind2=" ">
         <marc:subfield code="a">Keywords: eating disorder inventory, eating disorders, interpersonal distrust, maturity fears, perfectionism, psychological factors</marc:subfield>
      </marc:datafield>
      <marc:datafield tag="502" ind1=" " ind2=" ">
         <marc:subfield code="b">M.S.</marc:subfield>
         <marc:subfield code="c">Florida State University</marc:subfield>
         <marc:subfield code="d">2020.</marc:subfield>
      </marc:datafield>
      <marc:datafield tag="520" ind1="3" ind2=" ">
         <marc:subfield code="a">The Eating Disorder Inventory provides a theoretically informed multidimensional assessment of eating disorder symptoms and associated psychological factors, including Perfectionism, Maturity Fears, and Interpersonal Distrust. Research suggests that these psychological factors predict eating pathology, including Drive for Thinness and Bulimia, over time. However, it remains unclear whether prognostic value changes across increased durations of follow-up, depends on type of eating pathology studied, and depends on whether participants are drawn from the community versus have an eating disorder at baseline. The present study examined whether the strength of the predictive ability of psychological factors on eating pathology differs based on temporal duration, symptom outcome, and sample source. Data were obtained from a longitudinal study of eating and health behaviors in a sample of college students (N=900, 69.4% female) and a subsample with eating disorders (ED) (N=127) who completed assessments at baseline and again at 10-, 20-, and 30-year follow-up. Secondary analyses were conducted to determine the independent predictive ability of three Eating Disorder Inventory (EDI) psychological factors (Perfectionism, Maturity Fears, and Interpersonal Distrust) on the EDI eating pathology factors of Drive for Thinness and Bulimia at increasing durations of follow-up in the full sample and in the ED subsample. Multivariable regression analyses indicated that higher Perfectionism predicted increased Drive for Thinness at 10-, 20- and 30-year follow-up in the full sample with effect size increasing from 20- to 30-year follow-up. Additionally, Maturity Fears predicted both Drive for Thinness and Bulimia in the full sample at 20- and 30-year follow-up with increasing effect size from 20- to 30-year follow-up. In contrast, Interpersonal Distrust predicted lower Drive for Thinness, with trending significance, at 30-year follow-up in the full sample only. In the subsample, Perfectionism predicated Drive for Thinness at 10- and 30-year follow-up, and effect size decreased from 10- to 20-year follow-up and increased from 20- to 30-year follow-up. Maturity Fears predicted both Drive for Thinness and Bulimia in the subsample at 10-, 20-, and 30-year follow-up with decreasing effect sizes from 10- to 20-year follow-up for Drive for Thinness and from 20- to 30-year follow-up for Bulimia. Results point to the long-lasting influence of Perfectionism and Maturity Fears as risk and maintenance factors for elevated eating pathology. Results particularly emphasize the utility of addressing Perfectionism and Maturity Fears in college-based interventions for eating disorders as well as in treatment.</marc:subfield>
      </marc:datafield>
      <marc:datafield tag="504" ind1=" " ind2=" ">
         <marc:subfield code="a">Includes bibliographical references.</marc:subfield>
      </marc:datafield>
      <marc:datafield tag="650" ind1=" " ind2="0">
         <marc:subfield code="a">Clinical psychology</marc:subfield>
      </marc:datafield>
      <marc:datafield tag="655" ind1=" " ind2="7">
         <marc:subfield code="a">Electronic Thesis or Dissertation.</marc:subfield>
         <marc:subfield code="2">dct</marc:subfield>
      </marc:datafield>
      <marc:datafield tag="690" ind1=" " ind2="7">
         <marc:subfield code="a">FSU Dissertations.</marc:subfield>
         <marc:subfield code="2">local</marc:subfield>
         <marc:subfield code="9">LOCAL</marc:subfield>
      </marc:datafield>
      <marc:datafield tag="710" ind1="2" ind2=" ">
         <marc:subfield code="a">Florida State University.</marc:subfield>
         <marc:subfield code="e">degree granting instution.</marc:subfield>
         <marc:subfield code="0">http://id.loc.gov/authorities/names/n80126238</marc:subfield>
      </marc:datafield>
      <marc:datafield tag="931" ind1="1" ind2=" ">
         <marc:subfield code="a">Keel, Pamela K.</marc:subfield>
         <marc:subfield code="d">1970-</marc:subfield>
         <marc:subfield code="e">professor directing thesis</marc:subfield>
         <marc:subfield code="9">LOCAL</marc:subfield>
      </marc:datafield>
      <marc:datafield tag="931" ind1="1" ind2=" ">
         <marc:subfield code="a">Meyer, Alexandria</marc:subfield>
         <marc:subfield code="e">committee member</marc:subfield>
         <marc:subfield code="9">LOCAL</marc:subfield>
      </marc:datafield>
      <marc:datafield tag="931" ind1="1" ind2=" ">
         <marc:subfield code="a">Ganley, Colleen M.</marc:subfield>
         <marc:subfield code="e">committee member</marc:subfield>
         <marc:subfield code="9">LOCAL</marc:subfield>
      </marc:datafield>
      <marc:datafield tag="932" ind1="2" ind2=" ">
         <marc:subfield code="a">Department of Psychology.</marc:subfield>
         <marc:subfield code="9">LOCAL</marc:subfield>
      </marc:datafield>
      <marc:datafield tag="904" ind1=" " ind2=" ">
         <marc:subfield code="a">0</marc:subfield>
         <marc:subfield code="9">LOCAL</marc:subfield>
      </marc:datafield>
   </marc:record>