
   <marc:record>
      <marc:leader>     nam  22     Ki 4500</marc:leader>
      <marc:controlfield tag="006">m     o  d        </marc:controlfield>
      <marc:controlfield tag="007">cr |||||||||||</marc:controlfield>
      <marc:controlfield tag="008">      s2020    flu     obm   000 0  d</marc:controlfield>
      <marc:datafield tag="040" ind1=" " ind2=" ">
         <marc:subfield code="a">FDA</marc:subfield>
         <marc:subfield code="b">eng</marc:subfield>
         <marc:subfield code="e">rda</marc:subfield>
         <marc:subfield code="c">FDA</marc:subfield>
      </marc:datafield>
      <marc:datafield tag="100" ind1="1" ind2=" ">
         <marc:subfield code="a">Goldsmith, Jacob A.</marc:subfield>
         <marc:subfield code="q">(Jacob Allen)</marc:subfield>
         <marc:subfield code="e">author</marc:subfield>
      </marc:datafield>
      <marc:datafield tag="245" ind1="1" ind2="0">
         <marc:subfield code="a">Traumatic Brain Injury Attenuates Smooth Muscle PAQR7-Induced Vasodilation in Resistance Size Cerebral Arteries</marc:subfield>
         <marc:subfield code="c">Jacob A. Goldsmith</marc:subfield>
      </marc:datafield>
      <marc:datafield tag="264" ind1=" " ind2="1">
         <marc:subfield code="a">Tallahassee, Florida :</marc:subfield>
         <marc:subfield code="b">Florida State University</marc:subfield>
         <marc:subfield code="c">2020</marc:subfield>
      </marc:datafield>
      <marc:datafield tag="300" ind1=" " ind2=" ">
         <marc:subfield code="a">1 online resource (99 pages)</marc:subfield>
      </marc:datafield>
      <marc:datafield tag="336" ind1=" " ind2=" ">
         <marc:subfield code="a">text</marc:subfield>
         <marc:subfield code="b">txt</marc:subfield>
         <marc:subfield code="2">rdacontent</marc:subfield>
      </marc:datafield>
      <marc:datafield tag="337" ind1=" " ind2=" ">
         <marc:subfield code="a">computer</marc:subfield>
         <marc:subfield code="b">c</marc:subfield>
         <marc:subfield code="2">rdamedia</marc:subfield>
      </marc:datafield>
      <marc:datafield tag="338" ind1=" " ind2=" ">
         <marc:subfield code="a">online resource</marc:subfield>
         <marc:subfield code="b">cr</marc:subfield>
         <marc:subfield code="2">rdacarrier</marc:subfield>
      </marc:datafield>
      <marc:datafield tag="347" ind1=" " ind2=" ">
         <marc:subfield code="a">text file</marc:subfield>
         <marc:subfield code="b">PDF</marc:subfield>
         <marc:subfield code="2">rda</marc:subfield>
      </marc:datafield>
      <marc:datafield tag="538" ind1=" " ind2=" ">
         <marc:subfield code="a">System requirements: Adobe Reader or other PDF viewer.</marc:subfield>
      </marc:datafield>
      <marc:datafield tag="588" ind1=" " ind2=" ">
         <marc:subfield code="a">Description based on online resource; title from PDF title page.</marc:subfield>
      </marc:datafield>
      <marc:datafield tag="500" ind1=" " ind2=" ">
         <marc:subfield code="a">Extent pagination is PDF page count.</marc:subfield>
      </marc:datafield>
      <marc:datafield tag="500" ind1=" " ind2=" ">
         <marc:subfield code="a">Advisory committee: Gloria Salazar, Professor Directing Dissertation; Cathy Levenson, University Representative; Lynn Panton, Committee Member; Hyun Seok Hwang, Committee Member.</marc:subfield>
      </marc:datafield>
      <marc:datafield tag="500" ind1=" " ind2=" ">
         <marc:subfield code="a">A Dissertation submitted to the Department of Nutrition, Food and Exercise Sciences in partial fulfillment of the requirements for the degree of Doctor of Philosophy.</marc:subfield>
      </marc:datafield>
      <marc:datafield tag="500" ind1=" " ind2=" ">
         <marc:subfield code="a">Date of Defense: March 23, 2020</marc:subfield>
      </marc:datafield>
      <marc:datafield tag="500" ind1=" " ind2=" ">
         <marc:subfield code="a">Keywords: Arterial contractility, Cerebral Blood Flow, Progesterone Receptor, Traumatic brain injury, Vascular compliance, Vasodilation</marc:subfield>
      </marc:datafield>
      <marc:datafield tag="502" ind1=" " ind2=" ">
         <marc:subfield code="b">Ph.D.</marc:subfield>
         <marc:subfield code="c">Florida State University</marc:subfield>
         <marc:subfield code="d">2020.</marc:subfield>
      </marc:datafield>
      <marc:datafield tag="520" ind1="3" ind2=" ">
         <marc:subfield code="a">Traumatic brain injury (TBI) induces acute alterations in cerebral blood flow (CBF) autoregulation and cerebral artery contractility, which increases the risk of developing neurodegenerative diseases, as well as ischemic and hemorrhagic events. Progesterone modulates vascular tone in both males and females. Specifically, Progestin and adipoQ receptor family member 7 (PAQR7) is a plasma membrane progesterone receptor expressed in the arterial smooth muscle tissue of both animals and humans. Much of our knowledge of PAQR7 function comes from studying smooth muscle from conduit vessels (umbilical artery and vein) and has not been investigated in resistance size cerebral arteries that control local brain blood flow and tissue perfusion. While progesterone has successfully treated aspects of TBI in experimental models, this effect has failed to translate in human clinical trials, potentially due to its effects on multiple receptor subtypes. Here, we investigated the effects of TBI on the expression of PAQR7 and its smooth muscle vasodilatory action in cerebral arteries 24 hours following a moderately severe TBI in male Sprague Dawley rats. A combination of one-way and two-way ANOVA along with student’s t tests were used to examine statistical significance. Pressurized arterial myography of endothelium-denuded middle cerebral arteries exhibited robust vasodilation to pharmacological activation of PAQR7 (p&lt;0.0001, n=6), adenylyl cyclase (p&lt;0.0001, n=6), protein kinase A (PKA; p&lt;0.0001, n=6), and protein kinase G (PKG; p=0.0021, n=6; one-way ANOVA). PAQR7-induced vasodilation (10-5M, p&lt;0.005, n=6) was abolished with SQ 22536, an adenylyl cyclase inhibitor (p=0.9480, n=6), as well as cAMPS-Rp, a PKA inhibitor (p=0.7473, n=6), or Rp-8-pCPT-cGMPS, a PKG inhibitor (p=0.5123, n=6). Basal myogenic tone at physiological pressure (~70mmHg) was significantly lower in TBI as compared to sham arteries (p&lt;0.0001; n=12), and KCl-induced vasoconstriction (60mM) was significantly attenuated in TBI arteries (p&lt;0.0001; n=12). Neither total PAQR7 protein expression (Western blotting; p=0.5931, n=7) nor PAQR7 mRNA expression (qPCR; p=0.5751, n=7) was significantly affected by TBI. Pharmacological activation of PAQR7, adenylyl cyclase, PKA, and PKG all induced vasodilation in a concentration-dependent manner in sham arteries (10-9M to 10-5M); but this response was absent in arteries from TBI animals (p&gt;0.05). While inhibitors of PKA and PKG had no effect on baseline myogenic tone, administration of an adenylyl cyclase inhibitor (10-5M, p=0.0360, n=6) significantly enhanced myogenic tone in sham arteries, but this effect was absent in TBI arteries. Moreover, PAQR7-induced vasodilation (10-5M, p&lt;0.005, n=6) was abolished with inhibitors of adenylyl cyclase (10-5M, p=0.9480, n=6), but not PKA (10-5M, p=0.7473, n=6), or PKG (10-5M, p=0.5123, n=6) in sham arteries; however, inhibitors had no effect on PAQR7-induced vasodilation in TBI arteries (P&gt;0.05). The results of the current study support a generalized state of arterial smooth muscle relaxation and resultant hyperemia (tissue hyperperfusion) 24 hours following TBI. Indeed, arterial responsiveness to components of vasodilatory signaling and vasoconstrictor capacity are attenuated following TBI. The concomitant attenuation of myogenic tone (larger resting diameter at physiological pressure) along with reduced vasoconstrictor capacity could render downstream capillary networks vulnerable to rupture. TBI-induced vasodilation (attenuation of smooth muscle arterial tone) may be targeted to mitigate the hyperemic phase of altered CBF and improve TBI outcome.</marc:subfield>
      </marc:datafield>
      <marc:datafield tag="504" ind1=" " ind2=" ">
         <marc:subfield code="a">Includes bibliographical references.</marc:subfield>
      </marc:datafield>
      <marc:datafield tag="506" ind1=" " ind2=" ">
         <marc:subfield code="a">This thesis/dissertation may be embargoed for a limited time. Click access link to check availability.</marc:subfield>
      </marc:datafield>
      <marc:datafield tag="650" ind1=" " ind2="0">
         <marc:subfield code="a">Physiology</marc:subfield>
      </marc:datafield>
      <marc:datafield tag="650" ind1=" " ind2="0">
         <marc:subfield code="a">Biology</marc:subfield>
      </marc:datafield>
      <marc:datafield tag="655" ind1=" " ind2="7">
         <marc:subfield code="a">Electronic Thesis or Dissertation.</marc:subfield>
         <marc:subfield code="2">dct</marc:subfield>
      </marc:datafield>
      <marc:datafield tag="690" ind1=" " ind2="7">
         <marc:subfield code="a">FSU Dissertations.</marc:subfield>
         <marc:subfield code="2">local</marc:subfield>
         <marc:subfield code="9">LOCAL</marc:subfield>
      </marc:datafield>
      <marc:datafield tag="710" ind1="2" ind2=" ">
         <marc:subfield code="a">Florida State University.</marc:subfield>
         <marc:subfield code="e">degree granting instution.</marc:subfield>
         <marc:subfield code="0">http://id.loc.gov/authorities/names/n80126238</marc:subfield>
      </marc:datafield>
      <marc:datafield tag="931" ind1="1" ind2=" ">
         <marc:subfield code="a">Salazar, Gloria</marc:subfield>
         <marc:subfield code="e">professor directing dissertation</marc:subfield>
         <marc:subfield code="9">LOCAL</marc:subfield>
      </marc:datafield>
      <marc:datafield tag="931" ind1="1" ind2=" ">
         <marc:subfield code="a">Levenson, Cathy W.</marc:subfield>
         <marc:subfield code="e">university representative</marc:subfield>
         <marc:subfield code="9">LOCAL</marc:subfield>
      </marc:datafield>
      <marc:datafield tag="931" ind1="1" ind2=" ">
         <marc:subfield code="a">Panton, Lynn B.</marc:subfield>
         <marc:subfield code="q">(Lynn Biship)‏</marc:subfield>
         <marc:subfield code="e">committee member</marc:subfield>
         <marc:subfield code="9">LOCAL</marc:subfield>
      </marc:datafield>
      <marc:datafield tag="931" ind1="1" ind2=" ">
         <marc:subfield code="a">Hwang, Hyun Seok</marc:subfield>
         <marc:subfield code="e">committee member</marc:subfield>
         <marc:subfield code="9">LOCAL</marc:subfield>
      </marc:datafield>
      <marc:datafield tag="932" ind1="2" ind2=" ">
         <marc:subfield code="a">Department of Nutrition, Food and Exercise Sciences.</marc:subfield>
         <marc:subfield code="9">LOCAL</marc:subfield>
      </marc:datafield>
      <marc:datafield tag="904" ind1=" " ind2=" ">
         <marc:subfield code="a">4</marc:subfield>
         <marc:subfield code="9">LOCAL</marc:subfield>
      </marc:datafield>
   </marc:record>