
   <marc:record>
      <marc:leader>     nam  22     Ki 4500</marc:leader>
      <marc:controlfield tag="006">m     o  d        </marc:controlfield>
      <marc:controlfield tag="007">cr |||||||||||</marc:controlfield>
      <marc:controlfield tag="008">      s2020    flu     obm   000 0  d</marc:controlfield>
      <marc:datafield tag="040" ind1=" " ind2=" ">
         <marc:subfield code="a">FDA</marc:subfield>
         <marc:subfield code="b">eng</marc:subfield>
         <marc:subfield code="e">rda</marc:subfield>
         <marc:subfield code="c">FDA</marc:subfield>
      </marc:datafield>
      <marc:datafield tag="100" ind1="1" ind2=" ">
         <marc:subfield code="a">Guerrero, Liliana Verónica</marc:subfield>
         <marc:subfield code="e">author</marc:subfield>
      </marc:datafield>
      <marc:datafield tag="245" ind1="1" ind2="0">
         <marc:subfield code="a">Mi Canción :</marc:subfield>
         <marc:subfield code="b">Contemporary Song Literature by Select Latina Composers</marc:subfield>
         <marc:subfield code="c">Liliana Verónica Guerrero</marc:subfield>
      </marc:datafield>
      <marc:datafield tag="264" ind1=" " ind2="1">
         <marc:subfield code="a">Tallahassee, Florida :</marc:subfield>
         <marc:subfield code="b">Florida State University</marc:subfield>
         <marc:subfield code="c">2020</marc:subfield>
      </marc:datafield>
      <marc:datafield tag="300" ind1=" " ind2=" ">
         <marc:subfield code="a">1 online resource (91 pages)</marc:subfield>
      </marc:datafield>
      <marc:datafield tag="336" ind1=" " ind2=" ">
         <marc:subfield code="a">text</marc:subfield>
         <marc:subfield code="b">txt</marc:subfield>
         <marc:subfield code="2">rdacontent</marc:subfield>
      </marc:datafield>
      <marc:datafield tag="337" ind1=" " ind2=" ">
         <marc:subfield code="a">computer</marc:subfield>
         <marc:subfield code="b">c</marc:subfield>
         <marc:subfield code="2">rdamedia</marc:subfield>
      </marc:datafield>
      <marc:datafield tag="338" ind1=" " ind2=" ">
         <marc:subfield code="a">online resource</marc:subfield>
         <marc:subfield code="b">cr</marc:subfield>
         <marc:subfield code="2">rdacarrier</marc:subfield>
      </marc:datafield>
      <marc:datafield tag="347" ind1=" " ind2=" ">
         <marc:subfield code="a">text file</marc:subfield>
         <marc:subfield code="b">PDF</marc:subfield>
         <marc:subfield code="2">rda</marc:subfield>
      </marc:datafield>
      <marc:datafield tag="538" ind1=" " ind2=" ">
         <marc:subfield code="a">System requirements: Adobe Reader or other PDF viewer.</marc:subfield>
      </marc:datafield>
      <marc:datafield tag="588" ind1=" " ind2=" ">
         <marc:subfield code="a">Description based on online resource; title from PDF title page.</marc:subfield>
      </marc:datafield>
      <marc:datafield tag="500" ind1=" " ind2=" ">
         <marc:subfield code="a">Extent pagination is PDF page count.</marc:subfield>
      </marc:datafield>
      <marc:datafield tag="500" ind1=" " ind2=" ">
         <marc:subfield code="a">Advisory committee: Chuck Chandler, Professor Directing Treatise; Denise Von Glahn, University Representative; Marcy Stonikas, Committee Member; Valerie Trujillo, Committee Member.</marc:subfield>
      </marc:datafield>
      <marc:datafield tag="500" ind1=" " ind2=" ">
         <marc:subfield code="a">A Treatise submitted to the College of Music in partial fulfillment of the requirements for the degree of Doctor of Music.</marc:subfield>
      </marc:datafield>
      <marc:datafield tag="500" ind1=" " ind2=" ">
         <marc:subfield code="a">Date of Defense: March 3, 2020</marc:subfield>
      </marc:datafield>
      <marc:datafield tag="500" ind1=" " ind2=" ">
         <marc:subfield code="a">Keywords: art song, Latina, music, opera, vocal, voice</marc:subfield>
      </marc:datafield>
      <marc:datafield tag="502" ind1=" " ind2=" ">
         <marc:subfield code="b">D.M.</marc:subfield>
         <marc:subfield code="c">Florida State University</marc:subfield>
         <marc:subfield code="d">2020.</marc:subfield>
      </marc:datafield>
      <marc:datafield tag="520" ind1="3" ind2=" ">
         <marc:subfield code="a">Hispanics and Latinx-identifying individuals are the second largest ethnic population in the United States. It is estimated that this group will grow to 24% of the population by 2065. As the demographics of our student population change, voice teachers seek new and creative ways to engage their pupils and support the community. There are many existing resources that are familiar to the seasoned professional looking for Spanish-language art songs, such as the Hal Leonard Anthology of Spanish Song and collections like the Tonadillas by Enrique Granados, Cuatro madrigales amatorios by Joaquín Rodrigo, and Cinco canciones populares argentinas by Alberto Ginastera. The folk songs of Manuel Ponce are also experiencing increasing popularity. However, in a country where there is a rise of women in traditionally male-dominated professions that is not reflected in assigned vocal repertoire, an appropriate question may be: ¿dónde están las compositoras? This treatise considers the question as it relates to the continuing contributions of Latina composers to classical art song repertoire in the United States. There are many Latina identifying women, both foreign born and daughters of immigrants, who are traversing an untrodden path by pursuing careers as composers in the world of classical song literature. Their diverse faces represent the beauty of Latinidad; there is no one way to identify as Latina. Mari Valverde is the daughter of a long line of Mexican Americans whose national identity traces back to the reassignment of the US-Mexico border during the nineteenth century. Mari also identifies as a trans woman and uses her compositions to affect positive social change. She carefully selects texts that serve the soloists or ensembles who commission her work as part of benefit concerts that bring awareness to human rights issues. Tania León is a Cuban born Afro-Latina who benefited from the United States sponsored Freedom Flight program. She escaped a politically unstable country and combined the dance music of her homeland with jazz and other twentieth-century compositional genres to create her own individual style. Gabriela Lena Frank is the daughter of a Peruvian/Chinese mother and a Lithuanian/Jewish father. Her work explores what it means to exist as a multicultural American in the twenty-first century through the juxtaposition of traditional Peruvian instruments with the traditional Western string quartet or symphony orchestra. These three women tell us a story we have yet to hear in the mainstream repertoire of song literature. What does it mean to be an immigrant woman in a new land? How do women who have witnessed hundreds of years of machismo culture in their life experiences find the courage to dictate their own stories? What kinds of texts do they gravitate toward, and what do their compositional styles say about their journey? Is there something in this literature that can spark the interest of students who do not see themselves represented in standard song literature and who seek something that speaks to their heritage and identity? How would audiences respond to this repertoire? Why aren’t the works of Latina composers programed more often? This treatise seeks to close the gap between compositional output and public awareness of song literature composed by Latinas in the United States. Through exposure to and analysis of the works provided, voice teachers and performers alike can become more familiar with non-standard song literature by Latina composers. The document is organized by composer and contains information in assigning the repertoire to singers by taking into account pedagogical and musical considerations. The reader may also use this information to cultivate a recital program.</marc:subfield>
      </marc:datafield>
      <marc:datafield tag="504" ind1=" " ind2=" ">
         <marc:subfield code="a">Includes bibliographical references.</marc:subfield>
      </marc:datafield>
      <marc:datafield tag="650" ind1=" " ind2="0">
         <marc:subfield code="a">Music</marc:subfield>
      </marc:datafield>
      <marc:datafield tag="655" ind1=" " ind2="7">
         <marc:subfield code="a">Electronic Thesis or Dissertation.</marc:subfield>
         <marc:subfield code="2">dct</marc:subfield>
      </marc:datafield>
      <marc:datafield tag="690" ind1=" " ind2="7">
         <marc:subfield code="a">FSU Dissertations.</marc:subfield>
         <marc:subfield code="2">local</marc:subfield>
         <marc:subfield code="9">LOCAL</marc:subfield>
      </marc:datafield>
      <marc:datafield tag="710" ind1="2" ind2=" ">
         <marc:subfield code="a">Florida State University.</marc:subfield>
         <marc:subfield code="e">degree granting instution.</marc:subfield>
         <marc:subfield code="0">http://id.loc.gov/authorities/names/n80126238</marc:subfield>
      </marc:datafield>
      <marc:datafield tag="931" ind1="1" ind2=" ">
         <marc:subfield code="a">Chandler, Yuell</marc:subfield>
         <marc:subfield code="c">IV</marc:subfield>
         <marc:subfield code="e">professor directing treatise</marc:subfield>
         <marc:subfield code="9">LOCAL</marc:subfield>
      </marc:datafield>
      <marc:datafield tag="931" ind1="1" ind2=" ">
         <marc:subfield code="a">Von Glahn, Denise</marc:subfield>
         <marc:subfield code="d">1950-</marc:subfield>
         <marc:subfield code="e">university representative</marc:subfield>
         <marc:subfield code="9">LOCAL</marc:subfield>
      </marc:datafield>
      <marc:datafield tag="931" ind1="1" ind2=" ">
         <marc:subfield code="a">Stonikas, Marcy L.</marc:subfield>
         <marc:subfield code="e">committee member</marc:subfield>
         <marc:subfield code="9">LOCAL</marc:subfield>
      </marc:datafield>
      <marc:datafield tag="931" ind1="1" ind2=" ">
         <marc:subfield code="a">Trujillo, Valerie</marc:subfield>
         <marc:subfield code="e">committee member</marc:subfield>
         <marc:subfield code="9">LOCAL</marc:subfield>
      </marc:datafield>
      <marc:datafield tag="932" ind1="2" ind2=" ">
         <marc:subfield code="a">College of Music.</marc:subfield>
         <marc:subfield code="9">LOCAL</marc:subfield>
      </marc:datafield>
      <marc:datafield tag="904" ind1=" " ind2=" ">
         <marc:subfield code="a">0</marc:subfield>
         <marc:subfield code="9">LOCAL</marc:subfield>
      </marc:datafield>
   </marc:record>