
   <marc:record>
      <marc:leader>     nam  22     Ki 4500</marc:leader>
      <marc:controlfield tag="006">m     o  d        </marc:controlfield>
      <marc:controlfield tag="007">cr |||||||||||</marc:controlfield>
      <marc:controlfield tag="008">      s2020    flu     obm   000 0  d</marc:controlfield>
      <marc:datafield tag="040" ind1=" " ind2=" ">
         <marc:subfield code="a">FDA</marc:subfield>
         <marc:subfield code="b">eng</marc:subfield>
         <marc:subfield code="e">rda</marc:subfield>
         <marc:subfield code="c">FDA</marc:subfield>
      </marc:datafield>
      <marc:datafield tag="100" ind1="1" ind2=" ">
         <marc:subfield code="a">Gupta, Sahil</marc:subfield>
         <marc:subfield code="e">author</marc:subfield>
      </marc:datafield>
      <marc:datafield tag="245" ind1="1" ind2="0">
         <marc:subfield code="a">Investigation of Certain Biophysical and Biochemical Properties of Select Oilseed Storage Legumins</marc:subfield>
         <marc:subfield code="c">Sahil Gupta</marc:subfield>
      </marc:datafield>
      <marc:datafield tag="264" ind1=" " ind2="1">
         <marc:subfield code="a">Tallahassee, Florida :</marc:subfield>
         <marc:subfield code="b">Florida State University</marc:subfield>
         <marc:subfield code="c">2020</marc:subfield>
      </marc:datafield>
      <marc:datafield tag="300" ind1=" " ind2=" ">
         <marc:subfield code="a">1 online resource (213 pages)</marc:subfield>
      </marc:datafield>
      <marc:datafield tag="336" ind1=" " ind2=" ">
         <marc:subfield code="a">text</marc:subfield>
         <marc:subfield code="b">txt</marc:subfield>
         <marc:subfield code="2">rdacontent</marc:subfield>
      </marc:datafield>
      <marc:datafield tag="337" ind1=" " ind2=" ">
         <marc:subfield code="a">computer</marc:subfield>
         <marc:subfield code="b">c</marc:subfield>
         <marc:subfield code="2">rdamedia</marc:subfield>
      </marc:datafield>
      <marc:datafield tag="338" ind1=" " ind2=" ">
         <marc:subfield code="a">online resource</marc:subfield>
         <marc:subfield code="b">cr</marc:subfield>
         <marc:subfield code="2">rdacarrier</marc:subfield>
      </marc:datafield>
      <marc:datafield tag="347" ind1=" " ind2=" ">
         <marc:subfield code="a">text file</marc:subfield>
         <marc:subfield code="b">PDF</marc:subfield>
         <marc:subfield code="2">rda</marc:subfield>
      </marc:datafield>
      <marc:datafield tag="538" ind1=" " ind2=" ">
         <marc:subfield code="a">System requirements: Adobe Reader or other PDF viewer.</marc:subfield>
      </marc:datafield>
      <marc:datafield tag="588" ind1=" " ind2=" ">
         <marc:subfield code="a">Description based on online resource; title from PDF title page.</marc:subfield>
      </marc:datafield>
      <marc:datafield tag="500" ind1=" " ind2=" ">
         <marc:subfield code="a">Extent pagination is PDF page count.</marc:subfield>
      </marc:datafield>
      <marc:datafield tag="500" ind1=" " ind2=" ">
         <marc:subfield code="a">Advisory committee: Chester A. Ray, Professor Directing Dissertation; Timothy M. Logan, University Representative; Qinchun Rao, Committee Member; John G. Dorsey, Committee Member.</marc:subfield>
      </marc:datafield>
      <marc:datafield tag="500" ind1=" " ind2=" ">
         <marc:subfield code="a">A Dissertation submitted to the Department of Nutrition, Food and Exercise Sciences in partial fulfillment of the requirements for the degree of Doctor of Philosophy.</marc:subfield>
      </marc:datafield>
      <marc:datafield tag="500" ind1=" " ind2=" ">
         <marc:subfield code="a">Date of Defense: March 11, 2020</marc:subfield>
      </marc:datafield>
      <marc:datafield tag="502" ind1=" " ind2=" ">
         <marc:subfield code="b">Ph.D.</marc:subfield>
         <marc:subfield code="c">Florida State University</marc:subfield>
         <marc:subfield code="d">2020.</marc:subfield>
      </marc:datafield>
      <marc:datafield tag="520" ind1="3" ind2=" ">
         <marc:subfield code="a">Food allergy is a globally recognized health problem, which is estimated to affect 8% of children and 10% of adults in the USA. Within the USA, 90% of the food allergies are due to peanut, tree nuts, fish, shellfish, egg, milk, wheat, and soybean, commonly known as the big eight. With recent reports of the high prevalence of sesame allergy (more than 1.5 million children and adults) in the USA, the current list of big eight is poised to change. Oilseeds such as peanuts, tree nuts (cashew, almond, pistachio, etc.), soybean, and sesame make up a significant portion of the current food allergens. Complex oligomeric legumin-like proteins belonging to the cupin superfamily have been recognized as major food allergens in such oilseeds. Inadequate characterization of legumin-like proteins/allergens in their purified native forms and variable clinical allergenicity of different oilseeds deserved systematic investigation. Therefore, the current study was focused on oilseeds from unrelated sources such as tree nuts (almond, Brazil nut, cashew, and pistachio), soybean, and sesame. The specific objectives were to 1) chromatographically purify native legumins from almond, Brazil nut, cashew nut, pistachio, sesame and soy seeds, 2) study select biophysical and biochemical properties of purified native legumins, 3) evaluate cross-reactivity of purified native legumins, 4) compare the effect of in vitro pepsin digestion on proteolysis and allergenicity of purified legumins. Legumins were purified using different low-pressure liquid chromatography techniques. Purified legumins eluted as single peaks on a size exclusion chromatography column. In solution, LC-MS/MS analysis of proteins further confirmed the purity of proteins where each legumin showed the highest match with the gene-derived amino acid sequence of the legumin. Estimated molecular weights and hydrodynamic radii of purified legumins varied significantly (P &lt; 0.05) from 269 kDa to 331 kDa and 61 Å to 80 Å, respectively, with sesame legumin being the smallest in size and radius. Purified legumins of almond, Brazil nut, cashew, pistachio, sesame, and soybean registered sedimentation coefficients of 13.4S, 12.5S, 13S, 13.4S, 13S, and 11.9S, respectively, with soybean legumin being the most asymmetrical in shape. Amino acid composition of legumins revealed glutamic acid and glutamine to be the dominant amino acids in all legumins. Numerous amino acids showed significant (P &lt; 0.05) variation across multiple (&gt;3) legumins; however, only alanine and threonine showed significant (P &lt; 0.05) differences across all six legumins. Spectral properties revealed all proteins to had their absorbance maximum at 278-279 nm wavelength with differences observed in their local structures. β-sheets dominated all legumins with almond and cashew legumins containing the lowest (34.6%) and the highest (44.2%) percentage of β-sheets, respectively. Electrophoresis of legumins in their native, denatured, and reduced forms revealed differences in their overall charge, size of the protomers &amp; polypeptide profiles, and subunit composition, respectively. None of the legumin proteins was glycosylated. Cross-reactivity of purified legumins, when probed with their seed-specific rabbit antisera, revealed purified allergens to be cross-reactive with each other in their native, denatured, and reduced forms. Sesame legumin showed the strongest cross-reactivity with other legumins, while soybean showed the weakest based on immunoblotting. The basic subunit of legumins was found to be more cross-reactive compared to the acidic subunit. IgE from nine allergic patients showed a trend similar to the antisera tested. Homology modeling of reported strongly reactive IgE epitopes of almond, cashew, and soybean legumin, when mapped on to the three-dimensional structure of legumins, revealed common epitopic regions in all legumins. Soybean legumin exhibited the highest variation in the epitopic areas compared to other legumins. In vitro pepsin digestion of legumins under the same experimental conditions revealed legumins to be stable to pepsin and low pH. Soybean legumin was found to be the most resistant to pepsin digestion. Seed-specific antisera could recognize all digested legumins within the two-hour of digestion. Reactivity of allergic patients IgE to the digests was observed until at least 15 minutes of digestion with intact disulfide linkage until the two-hour of digestion. Considerable pH-induced aggregation existed throughout the digestion. The persistence of disulfide bonds and the formation of pH-induced aggregates were speculated to be the primary reasons for the stability of these proteins under the tested experimental conditions.</marc:subfield>
      </marc:datafield>
      <marc:datafield tag="504" ind1=" " ind2=" ">
         <marc:subfield code="a">Includes bibliographical references.</marc:subfield>
      </marc:datafield>
      <marc:datafield tag="506" ind1=" " ind2=" ">
         <marc:subfield code="a">This thesis/dissertation may be embargoed for a limited time. Click access link to check availability.</marc:subfield>
      </marc:datafield>
      <marc:datafield tag="650" ind1=" " ind2="0">
         <marc:subfield code="a">Food</marc:subfield>
      </marc:datafield>
      <marc:datafield tag="655" ind1=" " ind2="7">
         <marc:subfield code="a">Electronic Thesis or Dissertation.</marc:subfield>
         <marc:subfield code="2">dct</marc:subfield>
      </marc:datafield>
      <marc:datafield tag="690" ind1=" " ind2="7">
         <marc:subfield code="a">FSU Dissertations.</marc:subfield>
         <marc:subfield code="2">local</marc:subfield>
         <marc:subfield code="9">LOCAL</marc:subfield>
      </marc:datafield>
      <marc:datafield tag="710" ind1="2" ind2=" ">
         <marc:subfield code="a">Florida State University.</marc:subfield>
         <marc:subfield code="e">degree granting instution.</marc:subfield>
         <marc:subfield code="0">http://id.loc.gov/authorities/names/n80126238</marc:subfield>
      </marc:datafield>
      <marc:datafield tag="931" ind1="1" ind2=" ">
         <marc:subfield code="a">Ray, Chester A.</marc:subfield>
         <marc:subfield code="e">professor directing dissertation</marc:subfield>
         <marc:subfield code="9">LOCAL</marc:subfield>
      </marc:datafield>
      <marc:datafield tag="931" ind1="1" ind2=" ">
         <marc:subfield code="a">Logan, Timothy M.</marc:subfield>
         <marc:subfield code="d">1961-</marc:subfield>
         <marc:subfield code="e">university representative</marc:subfield>
         <marc:subfield code="9">LOCAL</marc:subfield>
      </marc:datafield>
      <marc:datafield tag="931" ind1="1" ind2=" ">
         <marc:subfield code="a">Rao, Qinchun</marc:subfield>
         <marc:subfield code="d">1974-</marc:subfield>
         <marc:subfield code="e">committee member</marc:subfield>
         <marc:subfield code="9">LOCAL</marc:subfield>
      </marc:datafield>
      <marc:datafield tag="931" ind1="1" ind2=" ">
         <marc:subfield code="a">Dorsey, John G.</marc:subfield>
         <marc:subfield code="e">committee member</marc:subfield>
         <marc:subfield code="9">LOCAL</marc:subfield>
      </marc:datafield>
      <marc:datafield tag="932" ind1="2" ind2=" ">
         <marc:subfield code="a">Department of Nutrition, Food and Exercise Sciences.</marc:subfield>
         <marc:subfield code="9">LOCAL</marc:subfield>
      </marc:datafield>
      <marc:datafield tag="904" ind1=" " ind2=" ">
         <marc:subfield code="a">4</marc:subfield>
         <marc:subfield code="9">LOCAL</marc:subfield>
      </marc:datafield>
   </marc:record>