
   <marc:record>
      <marc:leader>     nam  22     Ki 4500</marc:leader>
      <marc:controlfield tag="006">m     o  d        </marc:controlfield>
      <marc:controlfield tag="007">cr |||||||||||</marc:controlfield>
      <marc:controlfield tag="008">      s2020    flu     obm   000 0  d</marc:controlfield>
      <marc:datafield tag="040" ind1=" " ind2=" ">
         <marc:subfield code="a">FDA</marc:subfield>
         <marc:subfield code="b">eng</marc:subfield>
         <marc:subfield code="e">rda</marc:subfield>
         <marc:subfield code="c">FDA</marc:subfield>
      </marc:datafield>
      <marc:datafield tag="100" ind1="1" ind2=" ">
         <marc:subfield code="a">Hill, Kate McGrath</marc:subfield>
         <marc:subfield code="e">author</marc:subfield>
      </marc:datafield>
      <marc:datafield tag="245" ind1="1" ind2="0">
         <marc:subfield code="a">Community Ecology of Mesofauna Associated with the Caribbean Fire Sponge, Tedania ignis, and Context-Dependent Effects of
         Symbiosis</marc:subfield>
         <marc:subfield code="c">Kate McGrath Hill</marc:subfield>
      </marc:datafield>
      <marc:datafield tag="264" ind1=" " ind2="1">
         <marc:subfield code="a">Tallahassee, Florida :</marc:subfield>
         <marc:subfield code="b">Florida State University</marc:subfield>
         <marc:subfield code="c">2020</marc:subfield>
      </marc:datafield>
      <marc:datafield tag="300" ind1=" " ind2=" ">
         <marc:subfield code="a">1 online resource (102 pages)</marc:subfield>
      </marc:datafield>
      <marc:datafield tag="336" ind1=" " ind2=" ">
         <marc:subfield code="a">text</marc:subfield>
         <marc:subfield code="b">txt</marc:subfield>
         <marc:subfield code="2">rdacontent</marc:subfield>
      </marc:datafield>
      <marc:datafield tag="337" ind1=" " ind2=" ">
         <marc:subfield code="a">computer</marc:subfield>
         <marc:subfield code="b">c</marc:subfield>
         <marc:subfield code="2">rdamedia</marc:subfield>
      </marc:datafield>
      <marc:datafield tag="338" ind1=" " ind2=" ">
         <marc:subfield code="a">online resource</marc:subfield>
         <marc:subfield code="b">cr</marc:subfield>
         <marc:subfield code="2">rdacarrier</marc:subfield>
      </marc:datafield>
      <marc:datafield tag="347" ind1=" " ind2=" ">
         <marc:subfield code="a">text file</marc:subfield>
         <marc:subfield code="b">PDF</marc:subfield>
         <marc:subfield code="2">rda</marc:subfield>
      </marc:datafield>
      <marc:datafield tag="538" ind1=" " ind2=" ">
         <marc:subfield code="a">System requirements: Adobe Reader or other PDF viewer.</marc:subfield>
      </marc:datafield>
      <marc:datafield tag="588" ind1=" " ind2=" ">
         <marc:subfield code="a">Description based on online resource; title from PDF title page.</marc:subfield>
      </marc:datafield>
      <marc:datafield tag="500" ind1=" " ind2=" ">
         <marc:subfield code="a">Extent pagination is PDF page count.</marc:subfield>
      </marc:datafield>
      <marc:datafield tag="500" ind1=" " ind2=" ">
         <marc:subfield code="a">Advisory committee: Janie L. Wulff, Professor Directing Dissertation; Bill Parker, University Representative; Scott Burgess, Committee Member; Tom Miller, Committee Member; Joseph Travis, Committee Member.</marc:subfield>
      </marc:datafield>
      <marc:datafield tag="500" ind1=" " ind2=" ">
         <marc:subfield code="a">A Dissertation submitted to the Department of Biological Science in partial fulfillment of the requirements for the degree of Doctor of Philosophy.</marc:subfield>
      </marc:datafield>
      <marc:datafield tag="500" ind1=" " ind2=" ">
         <marc:subfield code="a">Date of Defense: March 26, 2020</marc:subfield>
      </marc:datafield>
      <marc:datafield tag="500" ind1=" " ind2=" ">
         <marc:subfield code="a">Keywords: Community Ecology, Marine Biology, Porifera, Sponge, Symbiosis</marc:subfield>
      </marc:datafield>
      <marc:datafield tag="502" ind1=" " ind2=" ">
         <marc:subfield code="b">Ph.D.</marc:subfield>
         <marc:subfield code="c">Florida State University</marc:subfield>
         <marc:subfield code="d">2020.</marc:subfield>
      </marc:datafield>
      <marc:datafield tag="520" ind1="3" ind2=" ">
         <marc:subfield code="a">Sponges form symbioses with a wide array of mesofauna including polychaetes, crustaceans, brittle stars, and bivalves. These organisms use the sponge for food and shelter, but their effect on the sponge is largely unknown. The facultative association of mesofauna with their sponge hosts coupled with the ability to subdivide sponges to control for genotype and size make this a tractable system to study community ecology and the ecology of symbiosis. I posed three questions in my dissertation: (1) How does mesofaunal community composition of the Caribbean fire sponge, Tedania ignis, vary spatially and temporally? (2) How does a change in the regional species pool influence the invasibility and stability of mesofaunal communities? and (3) What is the effect of polychaete worm feeding on the sponge host? I used the Caribbean Fire Sponge to address these questions because it is the dominant sponge on mangrove roots in the Caribbean and it hosts abundant and diverse mesofaunal communities. To examine the spatiotemporal variation of mesofaunal communities, individuals of T. ignis were collected from a mangrove channel and seagrass meadow annually for three years and associated mesofauna were counted and identified. Mesofaunal communities were strongly influenced by habitat, which was particularly surprising because the environment that the mesofauna experience is mediated by their sponge host. This suggests that abiotic filters restrict dispersal from the regional species pool. Importantly, this study revealed that the regional species pool is dynamic – even when taxonomic composition was relatively stable through time there was turnover of species within a guild across years. In addition, local processes such as disturbance from a cold snap had large, but temporary effects on mesofaunal community composition. This study revealed that mesofaunal communities associated with sponges are influenced by both local and regional processes that occur at different spatial and temporal scales. To examine how a change in the regional species pool influenced the invasibility and stability of mesofaunal communities, I set up reciprocal transplants annually for three years between T. ignis from a seagrass meadow and T. ignis from a mangrove channel. Mesofaunal community composition differed significantly among transplants. Sponges that were transplanted back to the native habitat had mesofaunal communities that were distinct from each other and these differences may be explained by environmental filtering or differences between the mesofaunal regional species pool in the mangrove and seagrass site. Sponges that were transplanted between habitats had mesofaunal communities that resembled those of both the habitat source and the transplant site, but there was a stronger influence of the transplant site on the mesofaunal community composition. The change in the composition of mesofaunal communities moved between habitats suggests that a change in the regional species pool can precipitate turnover of species within a mesofaunal community. In addition, species that were gained (or lost) following the transplant tended to be species that occurred as epibionts, had weak ties to the sponge host, and only occurred in one habitat. Finally, to assess the effect of polychaete worm feeding on the sponge host, I tested two hypotheses: (1) mesofaunal symbionts are more likely to colonize their native host than a novel host and (2) polychaete feeding is costly to its sponge host. Field surveys and choice experiments revealed that different species of Branchiosyllis polychaete occupied different species of host sponges. Manipulative experiments revealed that polychaete feeding is costly to T. ignis. Sponges without polychaetes grew faster than sponges with polychaetes. A surprise was that polychaete density was influenced by brittle stars that live on the sponge and consume the polychaetes. The positive indirect effect of the brittle star on the sponge host has important implications for the sponge’s fitness and underscores the context-dependent nature of symbiosis.</marc:subfield>
      </marc:datafield>
      <marc:datafield tag="504" ind1=" " ind2=" ">
         <marc:subfield code="a">Includes bibliographical references.</marc:subfield>
      </marc:datafield>
      <marc:datafield tag="506" ind1=" " ind2=" ">
         <marc:subfield code="a">This thesis/dissertation may be embargoed for a limited time. Click access link to check availability.</marc:subfield>
      </marc:datafield>
      <marc:datafield tag="650" ind1=" " ind2="0">
         <marc:subfield code="a">Biology</marc:subfield>
      </marc:datafield>
      <marc:datafield tag="650" ind1=" " ind2="0">
         <marc:subfield code="a">Ecology</marc:subfield>
      </marc:datafield>
      <marc:datafield tag="655" ind1=" " ind2="7">
         <marc:subfield code="a">Electronic Thesis or Dissertation.</marc:subfield>
         <marc:subfield code="2">dct</marc:subfield>
      </marc:datafield>
      <marc:datafield tag="690" ind1=" " ind2="7">
         <marc:subfield code="a">FSU Dissertations.</marc:subfield>
         <marc:subfield code="2">local</marc:subfield>
         <marc:subfield code="9">LOCAL</marc:subfield>
      </marc:datafield>
      <marc:datafield tag="710" ind1="2" ind2=" ">
         <marc:subfield code="a">Florida State University.</marc:subfield>
         <marc:subfield code="e">degree granting instution.</marc:subfield>
         <marc:subfield code="0">http://id.loc.gov/authorities/names/n80126238</marc:subfield>
      </marc:datafield>
      <marc:datafield tag="931" ind1="1" ind2=" ">
         <marc:subfield code="a">Wulff, Janie L.</marc:subfield>
         <marc:subfield code="e">professor directing dissertation</marc:subfield>
         <marc:subfield code="9">LOCAL</marc:subfield>
      </marc:datafield>
      <marc:datafield tag="931" ind1="1" ind2=" ">
         <marc:subfield code="a">Parker, William C.</marc:subfield>
         <marc:subfield code="e">university representative</marc:subfield>
         <marc:subfield code="9">LOCAL</marc:subfield>
      </marc:datafield>
      <marc:datafield tag="931" ind1="1" ind2=" ">
         <marc:subfield code="a">Burgess, Scott C.</marc:subfield>
         <marc:subfield code="e">committee member</marc:subfield>
         <marc:subfield code="9">LOCAL</marc:subfield>
      </marc:datafield>
      <marc:datafield tag="931" ind1="1" ind2=" ">
         <marc:subfield code="a">Miller, Thomas E.</marc:subfield>
         <marc:subfield code="c">(Professor of Biological Science)</marc:subfield>
         <marc:subfield code="e">committee member</marc:subfield>
         <marc:subfield code="9">LOCAL</marc:subfield>
      </marc:datafield>
      <marc:datafield tag="931" ind1="1" ind2=" ">
         <marc:subfield code="a">Travis, Joseph</marc:subfield>
         <marc:subfield code="d">1953-</marc:subfield>
         <marc:subfield code="e">committee member</marc:subfield>
         <marc:subfield code="9">LOCAL</marc:subfield>
      </marc:datafield>
      <marc:datafield tag="932" ind1="2" ind2=" ">
         <marc:subfield code="a">Department of Biological Science.</marc:subfield>
         <marc:subfield code="9">LOCAL</marc:subfield>
      </marc:datafield>
      <marc:datafield tag="904" ind1=" " ind2=" ">
         <marc:subfield code="a">4</marc:subfield>
         <marc:subfield code="9">LOCAL</marc:subfield>
      </marc:datafield>
   </marc:record>