
   <marc:record>
      <marc:leader>     nam  22     Ki 4500</marc:leader>
      <marc:controlfield tag="006">m     o  d        </marc:controlfield>
      <marc:controlfield tag="007">cr |||||||||||</marc:controlfield>
      <marc:controlfield tag="008">      s2020    flu     obm   000 0  d</marc:controlfield>
      <marc:datafield tag="040" ind1=" " ind2=" ">
         <marc:subfield code="a">FDA</marc:subfield>
         <marc:subfield code="b">eng</marc:subfield>
         <marc:subfield code="e">rda</marc:subfield>
         <marc:subfield code="c">FDA</marc:subfield>
      </marc:datafield>
      <marc:datafield tag="100" ind1="1" ind2=" ">
         <marc:subfield code="a">Hoover, Hanna G.</marc:subfield>
         <marc:subfield code="e">author</marc:subfield>
      </marc:datafield>
      <marc:datafield tag="245" ind1="1" ind2="0">
         <marc:subfield code="a">Nudges and Identities :</marc:subfield>
         <marc:subfield code="b">An Exploration in the Applications of Behavioral Economics</marc:subfield>
         <marc:subfield code="c">Hanna G. Hoover</marc:subfield>
      </marc:datafield>
      <marc:datafield tag="264" ind1=" " ind2="1">
         <marc:subfield code="a">Tallahassee, Florida :</marc:subfield>
         <marc:subfield code="b">Florida State University</marc:subfield>
         <marc:subfield code="c">2020</marc:subfield>
      </marc:datafield>
      <marc:datafield tag="300" ind1=" " ind2=" ">
         <marc:subfield code="a">1 online resource (164 pages)</marc:subfield>
      </marc:datafield>
      <marc:datafield tag="336" ind1=" " ind2=" ">
         <marc:subfield code="a">text</marc:subfield>
         <marc:subfield code="b">txt</marc:subfield>
         <marc:subfield code="2">rdacontent</marc:subfield>
      </marc:datafield>
      <marc:datafield tag="337" ind1=" " ind2=" ">
         <marc:subfield code="a">computer</marc:subfield>
         <marc:subfield code="b">c</marc:subfield>
         <marc:subfield code="2">rdamedia</marc:subfield>
      </marc:datafield>
      <marc:datafield tag="338" ind1=" " ind2=" ">
         <marc:subfield code="a">online resource</marc:subfield>
         <marc:subfield code="b">cr</marc:subfield>
         <marc:subfield code="2">rdacarrier</marc:subfield>
      </marc:datafield>
      <marc:datafield tag="347" ind1=" " ind2=" ">
         <marc:subfield code="a">text file</marc:subfield>
         <marc:subfield code="b">PDF</marc:subfield>
         <marc:subfield code="2">rda</marc:subfield>
      </marc:datafield>
      <marc:datafield tag="538" ind1=" " ind2=" ">
         <marc:subfield code="a">System requirements: Adobe Reader or other PDF viewer.</marc:subfield>
      </marc:datafield>
      <marc:datafield tag="588" ind1=" " ind2=" ">
         <marc:subfield code="a">Description based on online resource; title from PDF title page.</marc:subfield>
      </marc:datafield>
      <marc:datafield tag="500" ind1=" " ind2=" ">
         <marc:subfield code="a">Extent pagination is PDF page count.</marc:subfield>
      </marc:datafield>
      <marc:datafield tag="500" ind1=" " ind2=" ">
         <marc:subfield code="a">Advisory committee: Carl Kitchens, Professor Directing Dissertation; Eric Coleman, University Representative; Mark Isaac, Committee Member; Luke Rodgers, Committee Member; Luke Boosey, Committee Member; Mark Schlakman, Committee Member.</marc:subfield>
      </marc:datafield>
      <marc:datafield tag="500" ind1=" " ind2=" ">
         <marc:subfield code="a">A Dissertation submitted to the Department of Economics in partial fulfillment of the requirements for the degree of Doctor of Philosophy.</marc:subfield>
      </marc:datafield>
      <marc:datafield tag="500" ind1=" " ind2=" ">
         <marc:subfield code="a">Date of Defense: April 3, 2020</marc:subfield>
      </marc:datafield>
      <marc:datafield tag="502" ind1=" " ind2=" ">
         <marc:subfield code="b">Ph.D.</marc:subfield>
         <marc:subfield code="c">Florida State University</marc:subfield>
         <marc:subfield code="d">2020.</marc:subfield>
      </marc:datafield>
      <marc:datafield tag="520" ind1="3" ind2=" ">
         <marc:subfield code="a">This dissertation seeks to understand the human decision-making process, not only in the context of neoclassical economics, but also in consideration of social and psychological factors. Through both qualitative and quantitative methodologies, I analyze two frequent but poorly understood decision-making processes: the decision to leave a tip and the decision to commit a crime. More specifically, my dissertation investigates the following questions: how do behavioral nudges influence the tipping decision and how does the civil rights restoration influence an individual's probability to re-offend. Although different in subject matter, the common direction of my research agenda is to understand the economic decision process by utilizing a wider set of considerations faced by the individual. By addressing these questions, my research contributes a richer understanding of the human decision-making process to the field of economics. The first two chapters of my dissertation seek to understand how nudges influence consumer behavior in the context of tipping. To understand how defaults influence tipping behavior, I take advantage of two unique tipping contexts where the behavior nudge has come in the form of a default tip suggestions. The first tipping environment I analyze is the New York City taxicab industry. Over time, one of the two primary taxicab technology providers changed its payment prompt, making it possible to compare tipping behavior before and after the change using difference-in-difference estimation strategy. Due to the richness of the data, I am able to tease apart the influence from various factors and estimate that increasing tip suggestions resulted in an increase of 5.35 percent of a cab driver's hourly wage. Furthermore, passengers were primed by the higher tip suggestions as manually entered tip amounts increased. Although, the probability of selecting a default tip suggestion decreases which may demonstrate that fairness concerns motivate passengers when suggestions may be beyond the reasonable social norm. The conclusions from this research demonstrate the possible negative consequences of behavioral nudges when viewed as unfair or unreasonable. The second tipping environment I study is in a local coffee shop. In this environment, I take advantage of changes in the presentation of tip defaults by the point of sale application, Square. When purchases exceed $10, tip suggestions change from those presented for purchases less than $10. This allows me to compare how tipping behavior differs for purchases that are similar using transaction level data from the local establishment by implementing a regression discontinuity approach. Estimates show that an increase in tip suggestions from $1, $2, and $3 to 10%, 15%, and 20% results in a $0.10 increase in average tip amounts. By utilizing these two tipping environments, I am able to investigate if behavioral factors influencing the decision to tip is stable across various contexts. The second portion of my dissertation analyzes the relationship between civil rights restoration and rates of recidivism. In the majority of states, a person convicted and adjudicated of a felony offense loses the right to vote, the candidacy to sit on a jury, the ability to hold public office, and the ability to possess a firearm. Florida is currently one of only a handful of states that does not restore civil rights upon completion of a sentence. Instead, persons with a prior felony conviction must apply for civil rights restoration eligibility of certain occupational licenses and state-funded scholarships. To explore this relationship between clemency status, rates of recidivism, and occupational licensing restrictions, I utilize historical changes in administrative policies as my method of identification. The Rules of Executive Clemency have changed over the past 26 years such that approval has become automatic for those eligible between 2007 and 2011. Outside of this period, clemency required an application, hearing, and a mandatory waiting period. It is unknown if such policy changes influenced job opportunities, voting behavior, or educational attainment, any of which may discourage convicted felons to re-offend. This research contributes to the field by exploring this possible relationship. To estimate the relationship between civil rights restoration and recidivism, I utilize data from individuals who have been incarcerated for a felony conviction. The main source of this information is the Florida Offender-Based Information System (OBIS) from the Florida Department of Corrections, along with publicly available clemency information provided by the Florida Department of Offender Review. To identify economic conditions which contribute to rates of recidivism, I utilize county statistics, including unemployment rates, average hourly wages, law enforcement expenditure, and high school graduation rates. I use duration analysis as well as seemingly unrelated probit regressions to estimate the impact of clemency reform on recidivism. My research on this subject is the first project to identify and estimate the specific channels through which civil rights restoration may influence criminal behavior. The conclusions drawn from this research will inform policy-makers on the effectiveness of clemency, especially amid the ongoing effort of criminal-justice reform in Florida and across the nation.</marc:subfield>
      </marc:datafield>
      <marc:datafield tag="504" ind1=" " ind2=" ">
         <marc:subfield code="a">Includes bibliographical references.</marc:subfield>
      </marc:datafield>
      <marc:datafield tag="650" ind1=" " ind2="0">
         <marc:subfield code="a">Economics</marc:subfield>
      </marc:datafield>
      <marc:datafield tag="655" ind1=" " ind2="7">
         <marc:subfield code="a">Electronic Thesis or Dissertation.</marc:subfield>
         <marc:subfield code="2">dct</marc:subfield>
      </marc:datafield>
      <marc:datafield tag="690" ind1=" " ind2="7">
         <marc:subfield code="a">FSU Dissertations.</marc:subfield>
         <marc:subfield code="2">local</marc:subfield>
         <marc:subfield code="9">LOCAL</marc:subfield>
      </marc:datafield>
      <marc:datafield tag="710" ind1="2" ind2=" ">
         <marc:subfield code="a">Florida State University.</marc:subfield>
         <marc:subfield code="e">degree granting instution.</marc:subfield>
         <marc:subfield code="0">http://id.loc.gov/authorities/names/n80126238</marc:subfield>
      </marc:datafield>
      <marc:datafield tag="931" ind1="1" ind2=" ">
         <marc:subfield code="a">Kitchens, Carl T.</marc:subfield>
         <marc:subfield code="e">professor directing dissertation</marc:subfield>
         <marc:subfield code="9">LOCAL</marc:subfield>
      </marc:datafield>
      <marc:datafield tag="931" ind1="1" ind2=" ">
         <marc:subfield code="a">Coleman, Eric A.</marc:subfield>
         <marc:subfield code="c">(Professor of Political Science)</marc:subfield>
         <marc:subfield code="e">university representative</marc:subfield>
         <marc:subfield code="9">LOCAL</marc:subfield>
      </marc:datafield>
      <marc:datafield tag="931" ind1="1" ind2=" ">
         <marc:subfield code="a">Isaac, R. Mark</marc:subfield>
         <marc:subfield code="q">(Robert Mark)</marc:subfield>
         <marc:subfield code="d">1954-</marc:subfield>
         <marc:subfield code="e">committee member</marc:subfield>
         <marc:subfield code="9">LOCAL</marc:subfield>
      </marc:datafield>
      <marc:datafield tag="931" ind1="1" ind2=" ">
         <marc:subfield code="a">Rodgers, Luke P.</marc:subfield>
         <marc:subfield code="e">committee member</marc:subfield>
         <marc:subfield code="9">LOCAL</marc:subfield>
      </marc:datafield>
      <marc:datafield tag="931" ind1="1" ind2=" ">
         <marc:subfield code="a">Boosey, Luke A.</marc:subfield>
         <marc:subfield code="e">committee member</marc:subfield>
         <marc:subfield code="9">LOCAL</marc:subfield>
      </marc:datafield>
      <marc:datafield tag="931" ind1="1" ind2=" ">
         <marc:subfield code="a">Schlakman, Mark R.</marc:subfield>
         <marc:subfield code="e">committee member</marc:subfield>
         <marc:subfield code="9">LOCAL</marc:subfield>
      </marc:datafield>
      <marc:datafield tag="932" ind1="2" ind2=" ">
         <marc:subfield code="a">Department of Economics.</marc:subfield>
         <marc:subfield code="9">LOCAL</marc:subfield>
      </marc:datafield>
      <marc:datafield tag="904" ind1=" " ind2=" ">
         <marc:subfield code="a">0</marc:subfield>
         <marc:subfield code="9">LOCAL</marc:subfield>
      </marc:datafield>
   </marc:record>