
   <marc:record>
      <marc:leader>     nam  22     Ki 4500</marc:leader>
      <marc:controlfield tag="006">m     o  d        </marc:controlfield>
      <marc:controlfield tag="007">cr |||||||||||</marc:controlfield>
      <marc:controlfield tag="008">      s2020    flu     obm   000 0  d</marc:controlfield>
      <marc:datafield tag="040" ind1=" " ind2=" ">
         <marc:subfield code="a">FDA</marc:subfield>
         <marc:subfield code="b">eng</marc:subfield>
         <marc:subfield code="e">rda</marc:subfield>
         <marc:subfield code="c">FDA</marc:subfield>
      </marc:datafield>
      <marc:datafield tag="100" ind1="1" ind2=" ">
         <marc:subfield code="a">Hopkins, Jill E.</marc:subfield>
         <marc:subfield code="e">author</marc:subfield>
      </marc:datafield>
      <marc:datafield tag="245" ind1="1" ind2="0">
         <marc:subfield code="a">Throw a Nickel on the Grass Operation Nickel Grass, American Airlift, and Power Projection in the Era of Détente</marc:subfield>
         <marc:subfield code="c">Jill E. Hopkins</marc:subfield>
      </marc:datafield>
      <marc:datafield tag="264" ind1=" " ind2="1">
         <marc:subfield code="a">Tallahassee, Florida :</marc:subfield>
         <marc:subfield code="b">Florida State University</marc:subfield>
         <marc:subfield code="c">2020</marc:subfield>
      </marc:datafield>
      <marc:datafield tag="300" ind1=" " ind2=" ">
         <marc:subfield code="a">1 online resource (262 pages)</marc:subfield>
      </marc:datafield>
      <marc:datafield tag="336" ind1=" " ind2=" ">
         <marc:subfield code="a">text</marc:subfield>
         <marc:subfield code="b">txt</marc:subfield>
         <marc:subfield code="2">rdacontent</marc:subfield>
      </marc:datafield>
      <marc:datafield tag="337" ind1=" " ind2=" ">
         <marc:subfield code="a">computer</marc:subfield>
         <marc:subfield code="b">c</marc:subfield>
         <marc:subfield code="2">rdamedia</marc:subfield>
      </marc:datafield>
      <marc:datafield tag="338" ind1=" " ind2=" ">
         <marc:subfield code="a">online resource</marc:subfield>
         <marc:subfield code="b">cr</marc:subfield>
         <marc:subfield code="2">rdacarrier</marc:subfield>
      </marc:datafield>
      <marc:datafield tag="347" ind1=" " ind2=" ">
         <marc:subfield code="a">text file</marc:subfield>
         <marc:subfield code="b">PDF</marc:subfield>
         <marc:subfield code="2">rda</marc:subfield>
      </marc:datafield>
      <marc:datafield tag="538" ind1=" " ind2=" ">
         <marc:subfield code="a">System requirements: Adobe Reader or other PDF viewer.</marc:subfield>
      </marc:datafield>
      <marc:datafield tag="588" ind1=" " ind2=" ">
         <marc:subfield code="a">Description based on online resource; title from PDF title page.</marc:subfield>
      </marc:datafield>
      <marc:datafield tag="500" ind1=" " ind2=" ">
         <marc:subfield code="a">Extent pagination is PDF page count.</marc:subfield>
      </marc:datafield>
      <marc:datafield tag="500" ind1=" " ind2=" ">
         <marc:subfield code="a">Advisory committee: Gunter K. Piehler, Professor Directing Dissertation; Mark Souva, University Representative; Michael H. Creswell, Committee Member; Katherine Mooney, Committee Member; Nilay Özok-Gündoğan, Committee Member; Thomas A. Schwartz, Committee Member.</marc:subfield>
      </marc:datafield>
      <marc:datafield tag="500" ind1=" " ind2=" ">
         <marc:subfield code="a">A Dissertation submitted to the Department of History in partial fulfillment of the requirements for the degree of Doctor of Philosophy.</marc:subfield>
      </marc:datafield>
      <marc:datafield tag="500" ind1=" " ind2=" ">
         <marc:subfield code="a">Date of Defense: March 26, 2020</marc:subfield>
      </marc:datafield>
      <marc:datafield tag="500" ind1=" " ind2=" ">
         <marc:subfield code="a">Keywords: airlift, Arab-Israeli Conflict, Civil-Military Affairs, Nixon Administration, US Air Force, Yom Kippur War</marc:subfield>
      </marc:datafield>
      <marc:datafield tag="502" ind1=" " ind2=" ">
         <marc:subfield code="b">Ph.D.</marc:subfield>
         <marc:subfield code="c">Florida State University</marc:subfield>
         <marc:subfield code="d">2020.</marc:subfield>
      </marc:datafield>
      <marc:datafield tag="520" ind1="3" ind2=" ">
         <marc:subfield code="a">In the early morning hours of 6 October 1973, the fourth iteration of the Arab-Israeli conflict began when Egyptian and Syrian troops crossed Israeli controlled lines in the Sinai Desert and Golan Heights respectively, in an attempt to retake territory seized by Israel in 1967. As the conflict, known as the Yom Kippur or October War, developed, and Israel’s military answer fell far short of expectations, the administration of American President Richard M. Nixon (1969-1974) struggled with a way to respond to its ally’s growing need for military resupply. Although there was not an official treaty between the two states, in the years since Israel declared independence in 1948, the nations had grown slowly closer as this small country the size of New Jersey purchased larger amounts of military equipment and systems from the United States. The Soviet Union, which had allied with Egypt and Syria in the decade prior, responded to needs on their end with a military airlift of consumable supplies into the region almost immediately after the conflict began. But the Soviet Union, unlike the United States, shared a close border with the region. As calls for aid resounded from Foggy Bottom to Capitol Hill, Nixon agreed to provide a badly needed resupply. But the fast pace of the conflict and long distances required precluded the use of naval shipments to deliver the requested heavy armaments. With civilian airlift also unavailable for a variety of reasons, on 12 October 1973, Nixon authorized the use of American military airlift to move the supplies. Because allied states on mainland Europe feared an Arab reprisal via a threatened, and soon to come, oil embargo, American bases in England and Germany were off limits to the effort. With a distance of over six-thousand miles to cover, and a reluctant partner in Portugal, the US Air Force’s Mobility Airlift Command launched Operation Nickel Grass. The following dissertation is not a play-by-play narrative of the airlift operation. While the tonnage moved across the globe at unprecedented speeds, is clearly impressive, that story has been told. Nor is this a purely foreign policy discussion. Again, that account has been told. This dissertation, instead, examines the lead-up and execution of Operation Nickel Grass from the perspective of American civil-military relations and the use of military assets to further foreign policy goals. Though this dual lens approach, this study steps through the development of American airlift capability relative to the evolution of foreign policy in the Cold War years. Despite being a symptom of major change, as the first new American military operation in the era of détente, Operation Nickel Grass is relatively unknown outside of the US Air Force mobility community. Done on an ad hoc basis, absent traditional, detailed military plans, the operation – and projection of power – could have just as easily failed as succeeded. The purpose of this dissertation is to shed light on the impact of Nickel Grass as not only an ad hoc operational success, but also contextually as a precursor to change in the way the United States used military force to project power in non-kinetic ways as a reflection of civil direction translated into military action. This study situates the operation as a central uniting factor across multiple elements – foreign policy, domestic concerns, and military change to demonstrate how the Nixon administration’s distracted use of military means to counter the Soviet Union altered the status quo toward a new unintentional truth. As an expression of non-traditional military power projection that altered perceptions and therefore reality, Nickel Grass changed the relative balance of power in the Middle East when it pulled the United States closer to Israel.</marc:subfield>
      </marc:datafield>
      <marc:datafield tag="504" ind1=" " ind2=" ">
         <marc:subfield code="a">Includes bibliographical references.</marc:subfield>
      </marc:datafield>
      <marc:datafield tag="506" ind1=" " ind2=" ">
         <marc:subfield code="a">This thesis/dissertation may be embargoed for a limited time. Click access link to check availability.</marc:subfield>
      </marc:datafield>
      <marc:datafield tag="651" ind1=" " ind2="0">
         <marc:subfield code="a">United States</marc:subfield>
         <marc:subfield code="x">History</marc:subfield>
      </marc:datafield>
      <marc:datafield tag="655" ind1=" " ind2="7">
         <marc:subfield code="a">Electronic Thesis or Dissertation.</marc:subfield>
         <marc:subfield code="2">dct</marc:subfield>
      </marc:datafield>
      <marc:datafield tag="690" ind1=" " ind2="7">
         <marc:subfield code="a">FSU Dissertations.</marc:subfield>
         <marc:subfield code="2">local</marc:subfield>
         <marc:subfield code="9">LOCAL</marc:subfield>
      </marc:datafield>
      <marc:datafield tag="710" ind1="2" ind2=" ">
         <marc:subfield code="a">Florida State University.</marc:subfield>
         <marc:subfield code="e">degree granting instution.</marc:subfield>
         <marc:subfield code="0">http://id.loc.gov/authorities/names/n80126238</marc:subfield>
      </marc:datafield>
      <marc:datafield tag="931" ind1="1" ind2=" ">
         <marc:subfield code="a">Piehler, G. Kurt</marc:subfield>
         <marc:subfield code="e">professor directing dissertation</marc:subfield>
         <marc:subfield code="9">LOCAL</marc:subfield>
      </marc:datafield>
      <marc:datafield tag="931" ind1="1" ind2=" ">
         <marc:subfield code="a">Souva, Mark A.</marc:subfield>
         <marc:subfield code="e">university representative</marc:subfield>
         <marc:subfield code="9">LOCAL</marc:subfield>
      </marc:datafield>
      <marc:datafield tag="931" ind1="1" ind2=" ">
         <marc:subfield code="a">Creswell, Michael</marc:subfield>
         <marc:subfield code="d">1958-</marc:subfield>
         <marc:subfield code="e">committee member</marc:subfield>
         <marc:subfield code="9">LOCAL</marc:subfield>
      </marc:datafield>
      <marc:datafield tag="931" ind1="1" ind2=" ">
         <marc:subfield code="a">Mooney, Katherine Carmines</marc:subfield>
         <marc:subfield code="e">committee member</marc:subfield>
         <marc:subfield code="9">LOCAL</marc:subfield>
      </marc:datafield>
      <marc:datafield tag="931" ind1="1" ind2=" ">
         <marc:subfield code="a">Özok-Gündoğan, Nilay</marc:subfield>
         <marc:subfield code="e">committee member</marc:subfield>
         <marc:subfield code="9">LOCAL</marc:subfield>
      </marc:datafield>
      <marc:datafield tag="931" ind1="1" ind2=" ">
         <marc:subfield code="a">Schwartz, Thomas A.</marc:subfield>
         <marc:subfield code="q">(Thomas Alan)</marc:subfield>
         <marc:subfield code="d">1954-</marc:subfield>
         <marc:subfield code="e">committee member</marc:subfield>
         <marc:subfield code="9">LOCAL</marc:subfield>
      </marc:datafield>
      <marc:datafield tag="932" ind1="2" ind2=" ">
         <marc:subfield code="a">Department of History.</marc:subfield>
         <marc:subfield code="9">LOCAL</marc:subfield>
      </marc:datafield>
      <marc:datafield tag="904" ind1=" " ind2=" ">
         <marc:subfield code="a">4</marc:subfield>
         <marc:subfield code="9">LOCAL</marc:subfield>
      </marc:datafield>
   </marc:record>