
   <marc:record>
      <marc:leader>     nam  22     Ki 4500</marc:leader>
      <marc:controlfield tag="006">m     o  d        </marc:controlfield>
      <marc:controlfield tag="007">cr |||||||||||</marc:controlfield>
      <marc:controlfield tag="008">      s2020    flu     obm   000 0  d</marc:controlfield>
      <marc:datafield tag="040" ind1=" " ind2=" ">
         <marc:subfield code="a">FDA</marc:subfield>
         <marc:subfield code="b">eng</marc:subfield>
         <marc:subfield code="e">rda</marc:subfield>
         <marc:subfield code="c">FDA</marc:subfield>
      </marc:datafield>
      <marc:datafield tag="100" ind1="1" ind2=" ">
         <marc:subfield code="a">Jenks, Bryan J.</marc:subfield>
         <marc:subfield code="e">author</marc:subfield>
      </marc:datafield>
      <marc:datafield tag="245" ind1="1" ind2="0">
         <marc:subfield code="a">German Christians and Nazi Germany :</marc:subfield>
         <marc:subfield code="b">Creating the Volkskirche in Thuringia</marc:subfield>
         <marc:subfield code="c">Bryan J. Jenks</marc:subfield>
      </marc:datafield>
      <marc:datafield tag="264" ind1=" " ind2="1">
         <marc:subfield code="a">Tallahassee, Florida :</marc:subfield>
         <marc:subfield code="b">Florida State University</marc:subfield>
         <marc:subfield code="c">2020</marc:subfield>
      </marc:datafield>
      <marc:datafield tag="300" ind1=" " ind2=" ">
         <marc:subfield code="a">1 online resource (92 pages)</marc:subfield>
      </marc:datafield>
      <marc:datafield tag="336" ind1=" " ind2=" ">
         <marc:subfield code="a">text</marc:subfield>
         <marc:subfield code="b">txt</marc:subfield>
         <marc:subfield code="2">rdacontent</marc:subfield>
      </marc:datafield>
      <marc:datafield tag="337" ind1=" " ind2=" ">
         <marc:subfield code="a">computer</marc:subfield>
         <marc:subfield code="b">c</marc:subfield>
         <marc:subfield code="2">rdamedia</marc:subfield>
      </marc:datafield>
      <marc:datafield tag="338" ind1=" " ind2=" ">
         <marc:subfield code="a">online resource</marc:subfield>
         <marc:subfield code="b">cr</marc:subfield>
         <marc:subfield code="2">rdacarrier</marc:subfield>
      </marc:datafield>
      <marc:datafield tag="347" ind1=" " ind2=" ">
         <marc:subfield code="a">text file</marc:subfield>
         <marc:subfield code="b">PDF</marc:subfield>
         <marc:subfield code="2">rda</marc:subfield>
      </marc:datafield>
      <marc:datafield tag="538" ind1=" " ind2=" ">
         <marc:subfield code="a">System requirements: Adobe Reader or other PDF viewer.</marc:subfield>
      </marc:datafield>
      <marc:datafield tag="588" ind1=" " ind2=" ">
         <marc:subfield code="a">Description based on online resource; title from PDF title page.</marc:subfield>
      </marc:datafield>
      <marc:datafield tag="500" ind1=" " ind2=" ">
         <marc:subfield code="a">Extent pagination is PDF page count.</marc:subfield>
      </marc:datafield>
      <marc:datafield tag="500" ind1=" " ind2=" ">
         <marc:subfield code="a">Advisory committee: Nathan Stoltzfus, Professor Directing Thesis; Robert J. Gellately, Committee Member; George Samuel Williamson, Committee Member.</marc:subfield>
      </marc:datafield>
      <marc:datafield tag="500" ind1=" " ind2=" ">
         <marc:subfield code="a">A Thesis submitted to the Department of History in partial fulfillment of the requirements for the degree of Master of Arts.</marc:subfield>
      </marc:datafield>
      <marc:datafield tag="500" ind1=" " ind2=" ">
         <marc:subfield code="a">Date of Defense: April 2, 2020</marc:subfield>
      </marc:datafield>
      <marc:datafield tag="500" ind1=" " ind2=" ">
         <marc:subfield code="a">Keywords: Confessing Church, German Christians, Nazi Germany, Protestant Church, Thuringia, Volkskirche</marc:subfield>
      </marc:datafield>
      <marc:datafield tag="502" ind1=" " ind2=" ">
         <marc:subfield code="b">M.F.A.</marc:subfield>
         <marc:subfield code="c">Florida State University</marc:subfield>
         <marc:subfield code="d">2020.</marc:subfield>
      </marc:datafield>
      <marc:datafield tag="520" ind1="3" ind2=" ">
         <marc:subfield code="a">The thesis details the attempts at and the eventual implementation of the Volkskirche by the German Christians in the region of Thuringia between the years 1932-1939. The Volkskirche represented the ideal, new form of Christianity that the German Christian Movement wished to implement in Nazi Germany, and this new church aimed to center itself around the racial ideology of the Nazi party. All inferior influences on the church in Thuringia would eventually be eliminated in the new Volkskirche that included the complete elimination of the Old Testament, a revised New Testament, and the removal of all people of Jewish blood from the church. However, the creation of the new Volkskirche by the German Christians did not occur immediately, nor without opposition. The Sports Palace Rally in November 1933 (see chapter two) demonstrated that too swift of an implementation of their new ideals could cause backlash across Germany. After the fiasco at the Sports Palace Rally the national movement fragmented, and the region of Thuringia remained one of the strongest and most united of the regional groups to form. In Thuringia, men like the original founder of the movement in Thuringia Siegfried Leffler and Bishop Martin Sasse would gradually push their agenda in the Protestant church, passing decrees incrementally over time in order to acclimate the German people to their ideology. In conjunction with this, opposition to the movement diminished over time. In Thuringia, Dr. Wolfgang Schanze, a member of the Confessing Church, continually used his newspaper to challenge many of the ideas of the German Christians, but by 1937 both his paper and his congregation were disbanded due to lack of membership. The diminishing of opposition combined with the power men like Sasse had over the press and the church council in Thuringia allowed him to dominate the distribution of ideas in the region. By November 1938, the German Christians in Thuringia revealed their true intentions for the future of the church with Kristallnacht. Rather than oppose the violence on that night, Bishop Sasse openly endorsed and applauded the pogrom that resulted in the deaths of hundreds of Jewish people and the arrest of thousands more. He did so through the use of Martin Luther’s later writings in the form of a pamphlet that sold over 30,000 copies in the week following its publication. The pamphlet further demonstrated the reliance by the German Christians on non-biblical writings in order to argue in favor of their new Volkskirche’s racial reconfiguration of Christianity, along with the mass popular support the movement had gained for its more radical ideas since 1933. Following Kristallnacht, Sasse proposed and succeeded in the creation of The Institute for the Study and Eradication of Jewish Influence on German Church Life at the University of Jena whose goal became the complete and total eradication of all Jewish influences within the Protestant church. The creation of the institute, along with new laws banning anyone of Jewish descent from attending church represented the successful creation of a new Volkskirche in Thuringia. The new church did not come into being overnight, but rather, gradually over time as the German Christians eroded their opposition and slowly implemented their plan in the region to create a new church for protestants in Germany in the form of the Volkskirche.</marc:subfield>
      </marc:datafield>
      <marc:datafield tag="504" ind1=" " ind2=" ">
         <marc:subfield code="a">Includes bibliographical references.</marc:subfield>
      </marc:datafield>
      <marc:datafield tag="650" ind1=" " ind2="0">
         <marc:subfield code="a">History</marc:subfield>
      </marc:datafield>
      <marc:datafield tag="650" ind1=" " ind2="0">
         <marc:subfield code="a">Religions</marc:subfield>
         <marc:subfield code="x">History</marc:subfield>
      </marc:datafield>
      <marc:datafield tag="655" ind1=" " ind2="7">
         <marc:subfield code="a">Electronic Thesis or Dissertation.</marc:subfield>
         <marc:subfield code="2">dct</marc:subfield>
      </marc:datafield>
      <marc:datafield tag="690" ind1=" " ind2="7">
         <marc:subfield code="a">FSU Dissertations.</marc:subfield>
         <marc:subfield code="2">local</marc:subfield>
         <marc:subfield code="9">LOCAL</marc:subfield>
      </marc:datafield>
      <marc:datafield tag="710" ind1="2" ind2=" ">
         <marc:subfield code="a">Florida State University.</marc:subfield>
         <marc:subfield code="e">degree granting instution.</marc:subfield>
         <marc:subfield code="0">http://id.loc.gov/authorities/names/n80126238</marc:subfield>
      </marc:datafield>
      <marc:datafield tag="931" ind1="1" ind2=" ">
         <marc:subfield code="a">Stoltzfus, Nathan</marc:subfield>
         <marc:subfield code="e">professor directing thesis</marc:subfield>
         <marc:subfield code="9">LOCAL</marc:subfield>
      </marc:datafield>
      <marc:datafield tag="931" ind1="1" ind2=" ">
         <marc:subfield code="a">Gellately, Robert</marc:subfield>
         <marc:subfield code="d">1943-</marc:subfield>
         <marc:subfield code="e">committee member</marc:subfield>
         <marc:subfield code="9">LOCAL</marc:subfield>
      </marc:datafield>
      <marc:datafield tag="931" ind1="1" ind2=" ">
         <marc:subfield code="a">Williamson, George S.</marc:subfield>
         <marc:subfield code="e">committee member</marc:subfield>
         <marc:subfield code="9">LOCAL</marc:subfield>
      </marc:datafield>
      <marc:datafield tag="932" ind1="2" ind2=" ">
         <marc:subfield code="a">Department of History.</marc:subfield>
         <marc:subfield code="9">LOCAL</marc:subfield>
      </marc:datafield>
      <marc:datafield tag="904" ind1=" " ind2=" ">
         <marc:subfield code="a">0</marc:subfield>
         <marc:subfield code="9">LOCAL</marc:subfield>
      </marc:datafield>
   </marc:record>