
   <marc:record>
      <marc:leader>     nam  22     Ki 4500</marc:leader>
      <marc:controlfield tag="006">m     o  d        </marc:controlfield>
      <marc:controlfield tag="007">cr |||||||||||</marc:controlfield>
      <marc:controlfield tag="008">      s2020    flu     obm   000 0  d</marc:controlfield>
      <marc:datafield tag="040" ind1=" " ind2=" ">
         <marc:subfield code="a">FDA</marc:subfield>
         <marc:subfield code="b">eng</marc:subfield>
         <marc:subfield code="e">rda</marc:subfield>
         <marc:subfield code="c">FDA</marc:subfield>
      </marc:datafield>
      <marc:datafield tag="100" ind1="1" ind2=" ">
         <marc:subfield code="a">Kakareko, Sylwia</marc:subfield>
         <marc:subfield code="e">author</marc:subfield>
      </marc:datafield>
      <marc:datafield tag="245" ind1="1" ind2="0">
         <marc:subfield code="a">Modeling a Probability Distribution of Elastic Curves with Applications to Nanoparticle Shape Analysis</marc:subfield>
         <marc:subfield code="c">Sylwia Kakareko</marc:subfield>
      </marc:datafield>
      <marc:datafield tag="264" ind1=" " ind2="1">
         <marc:subfield code="a">Tallahassee, Florida :</marc:subfield>
         <marc:subfield code="b">Florida State University</marc:subfield>
         <marc:subfield code="c">2020</marc:subfield>
      </marc:datafield>
      <marc:datafield tag="300" ind1=" " ind2=" ">
         <marc:subfield code="a">1 online resource (81 pages)</marc:subfield>
      </marc:datafield>
      <marc:datafield tag="336" ind1=" " ind2=" ">
         <marc:subfield code="a">text</marc:subfield>
         <marc:subfield code="b">txt</marc:subfield>
         <marc:subfield code="2">rdacontent</marc:subfield>
      </marc:datafield>
      <marc:datafield tag="337" ind1=" " ind2=" ">
         <marc:subfield code="a">computer</marc:subfield>
         <marc:subfield code="b">c</marc:subfield>
         <marc:subfield code="2">rdamedia</marc:subfield>
      </marc:datafield>
      <marc:datafield tag="338" ind1=" " ind2=" ">
         <marc:subfield code="a">online resource</marc:subfield>
         <marc:subfield code="b">cr</marc:subfield>
         <marc:subfield code="2">rdacarrier</marc:subfield>
      </marc:datafield>
      <marc:datafield tag="347" ind1=" " ind2=" ">
         <marc:subfield code="a">text file</marc:subfield>
         <marc:subfield code="b">PDF</marc:subfield>
         <marc:subfield code="2">rda</marc:subfield>
      </marc:datafield>
      <marc:datafield tag="538" ind1=" " ind2=" ">
         <marc:subfield code="a">System requirements: Adobe Reader or other PDF viewer.</marc:subfield>
      </marc:datafield>
      <marc:datafield tag="588" ind1=" " ind2=" ">
         <marc:subfield code="a">Description based on online resource; title from PDF title page.</marc:subfield>
      </marc:datafield>
      <marc:datafield tag="500" ind1=" " ind2=" ">
         <marc:subfield code="a">Extent pagination is PDF page count.</marc:subfield>
      </marc:datafield>
      <marc:datafield tag="500" ind1=" " ind2=" ">
         <marc:subfield code="a">Advisory committee: Chiwoo Park, Professor Directing Thesis; Zhiyong (Richard) Liang, Committee Member; Lichun Li, Committee Member.</marc:subfield>
      </marc:datafield>
      <marc:datafield tag="500" ind1=" " ind2=" ">
         <marc:subfield code="a">A Thesis submitted to the Department of Industrial and Manufacturing Engineering in partial fulfillment of the requirements for the degree of Master of Science.</marc:subfield>
      </marc:datafield>
      <marc:datafield tag="500" ind1=" " ind2=" ">
         <marc:subfield code="a">Date of Defense: April 3, 2020</marc:subfield>
      </marc:datafield>
      <marc:datafield tag="500" ind1=" " ind2=" ">
         <marc:subfield code="a">Keywords: Gaussian mixture model, maximum likelihood estimation, statistical modeling, statistical shape analysis</marc:subfield>
      </marc:datafield>
      <marc:datafield tag="502" ind1=" " ind2=" ">
         <marc:subfield code="b">M.S.</marc:subfield>
         <marc:subfield code="c">Florida State University</marc:subfield>
         <marc:subfield code="d">2020.</marc:subfield>
      </marc:datafield>
      <marc:datafield tag="520" ind1="3" ind2=" ">
         <marc:subfield code="a">This thesis presents the methods of statistical shape analysis in two-dimensional data with the application of nanoparticle shape. We can treat each shape as a random quantity and we are interested in defining probabilistic rules. We introduce a statistical modeling multivariate shape data with a specific probability distribution. Modeling involves two main steps: determining the appropriate distribution into a given data set, which is called "best-fitting" and estimation the parameters of that distribution. Especially nite mixture models are practical to use because our shapes data can be seen as the result of two subpopulations, called components. This comes from the result of clustering shapes into two groups. We propose using a Gaussian mixture model (GMM), which is a representation of normally distributed subpopulations with their own mean and covariance. This is a novel idea and we would like to define the GMM in tangent spaces of a shape space with the center of a Karcher mean of each cluster. We see that the density is higher with the larger number of shapes belong to a particular cluster and the density is lower when there is observed a small number of shapes. There exist several approaches for estimating parameters of a probability distribution, including analytical, graphical and numerical. We use a maximum likelihood estimation (MLE), where the mathematical formula is expressed by a likelihood equation of the data set. However, the likelihood equation could not be calculated analytically and the numerical technique seems reasonable to use. The iterative algorithm termed an expectation-maximization (EM) is a practical manner to solve the likelihood equation. Accordingly, the EM starts from some initial estimation of the mean and covariance and then proceeds to iteratively update them until convergence is detected. The approach presented in this thesis is based on the application of the shape of nanoparticles. During the production, growing nanoparticles is a dynamic process where shapes and multi-component reactions (e.g. splits and merges) between nanoparticles rapidly change. Analysis in real-time would produce a large number of shapes and it could be dicult to nd important patterns. Statistical methods for determining a few common trajectories provide an adequate summary of the evolution of shape's gold nanoparticle and diminish the time of analysis large number of images. Here we describe a general approach for representing a shape. Determining the shape of gold nanoparticles allows scientists to investigate chemical and physical properties. Nevertheless, an analysis of shapes involves advanced mathematical tools. Initially, appropriate mathematical representations and descriptions of shapes need to be developed. Shape descriptions are basically classifieded into two approaches: contour-based and region-based approach. Contour-based methods are more popular because of many applications related to the identification and detection of an object. This paper reviews various techniques from contour-based representations, for example, sets of nite points called landmarks or functional representations named square-root velocity functions (SRVF). The essential advantage of using the last representation is its invariance to re-parametrization also with standard transformations, such as translation, rotation and scaling, and the capability of point to point registration. SRVF called also elastic curves are they are used to represent nanoparticle shapes. An important goal in this study is to classify nanoparticles according to their shapes. Clustering shapes involves many challenges, including variations like deformation or incomplete shapes, which is associated with choosing an appropriate description. Secondly, the shape space is an infinite-dimensional space and most clustering approaches (for example K-means) offered for Euclidean spaces cannot be applied for clustering shapes.</marc:subfield>
      </marc:datafield>
      <marc:datafield tag="504" ind1=" " ind2=" ">
         <marc:subfield code="a">Includes bibliographical references.</marc:subfield>
      </marc:datafield>
      <marc:datafield tag="506" ind1=" " ind2=" ">
         <marc:subfield code="a">This thesis/dissertation may be embargoed for a limited time. Click access link to check availability.</marc:subfield>
      </marc:datafield>
      <marc:datafield tag="650" ind1=" " ind2="0">
         <marc:subfield code="a">Engineering</marc:subfield>
      </marc:datafield>
      <marc:datafield tag="650" ind1=" " ind2="0">
         <marc:subfield code="a">Statistics</marc:subfield>
      </marc:datafield>
      <marc:datafield tag="655" ind1=" " ind2="7">
         <marc:subfield code="a">Electronic Thesis or Dissertation.</marc:subfield>
         <marc:subfield code="2">dct</marc:subfield>
      </marc:datafield>
      <marc:datafield tag="690" ind1=" " ind2="7">
         <marc:subfield code="a">FSU Dissertations.</marc:subfield>
         <marc:subfield code="2">local</marc:subfield>
         <marc:subfield code="9">LOCAL</marc:subfield>
      </marc:datafield>
      <marc:datafield tag="710" ind1="2" ind2=" ">
         <marc:subfield code="a">Florida State University.</marc:subfield>
         <marc:subfield code="e">degree granting instution.</marc:subfield>
         <marc:subfield code="0">http://id.loc.gov/authorities/names/n80126238</marc:subfield>
      </marc:datafield>
      <marc:datafield tag="931" ind1="1" ind2=" ">
         <marc:subfield code="a">Park, Chiwoo</marc:subfield>
         <marc:subfield code="e">professor directing thesis</marc:subfield>
         <marc:subfield code="9">LOCAL</marc:subfield>
      </marc:datafield>
      <marc:datafield tag="931" ind1="1" ind2=" ">
         <marc:subfield code="a">Liang, Zhiyong</marc:subfield>
         <marc:subfield code="q">(Richard)</marc:subfield>
         <marc:subfield code="e">committee member</marc:subfield>
         <marc:subfield code="9">LOCAL</marc:subfield>
      </marc:datafield>
      <marc:datafield tag="931" ind1="1" ind2=" ">
         <marc:subfield code="a">Li, Lichun</marc:subfield>
         <marc:subfield code="e">committee member</marc:subfield>
         <marc:subfield code="9">LOCAL</marc:subfield>
      </marc:datafield>
      <marc:datafield tag="932" ind1="2" ind2=" ">
         <marc:subfield code="a">Department of Industrial and Manufacturing Engineering.</marc:subfield>
         <marc:subfield code="9">LOCAL</marc:subfield>
      </marc:datafield>
      <marc:datafield tag="904" ind1=" " ind2=" ">
         <marc:subfield code="a">4</marc:subfield>
         <marc:subfield code="9">LOCAL</marc:subfield>
      </marc:datafield>
   </marc:record>