
   <marc:record>
      <marc:leader>     nam  22     Ki 4500</marc:leader>
      <marc:controlfield tag="006">m     o  d        </marc:controlfield>
      <marc:controlfield tag="007">cr |||||||||||</marc:controlfield>
      <marc:controlfield tag="008">      s2020    flu     obm   000 0  d</marc:controlfield>
      <marc:datafield tag="040" ind1=" " ind2=" ">
         <marc:subfield code="a">FDA</marc:subfield>
         <marc:subfield code="b">eng</marc:subfield>
         <marc:subfield code="e">rda</marc:subfield>
         <marc:subfield code="c">FDA</marc:subfield>
      </marc:datafield>
      <marc:datafield tag="100" ind1="1" ind2=" ">
         <marc:subfield code="a">Keller, Bryan Andrew</marc:subfield>
         <marc:subfield code="e">author</marc:subfield>
      </marc:datafield>
      <marc:datafield tag="245" ind1="1" ind2="4">
         <marc:subfield code="a">The Spatiotemporal Ecology of the Bonnethead, Sphyrna tiburo :</marc:subfield>
         <marc:subfield code="b">Migration, Parturition and Magnetic-Based Navigation</marc:subfield>
         <marc:subfield code="c">Bryan Andrew Keller</marc:subfield>
      </marc:datafield>
      <marc:datafield tag="264" ind1=" " ind2="1">
         <marc:subfield code="a">Tallahassee, Florida :</marc:subfield>
         <marc:subfield code="b">Florida State University</marc:subfield>
         <marc:subfield code="c">2020</marc:subfield>
      </marc:datafield>
      <marc:datafield tag="300" ind1=" " ind2=" ">
         <marc:subfield code="a">1 online resource (110 pages)</marc:subfield>
      </marc:datafield>
      <marc:datafield tag="336" ind1=" " ind2=" ">
         <marc:subfield code="a">text</marc:subfield>
         <marc:subfield code="b">txt</marc:subfield>
         <marc:subfield code="2">rdacontent</marc:subfield>
      </marc:datafield>
      <marc:datafield tag="337" ind1=" " ind2=" ">
         <marc:subfield code="a">computer</marc:subfield>
         <marc:subfield code="b">c</marc:subfield>
         <marc:subfield code="2">rdamedia</marc:subfield>
      </marc:datafield>
      <marc:datafield tag="338" ind1=" " ind2=" ">
         <marc:subfield code="a">online resource</marc:subfield>
         <marc:subfield code="b">cr</marc:subfield>
         <marc:subfield code="2">rdacarrier</marc:subfield>
      </marc:datafield>
      <marc:datafield tag="347" ind1=" " ind2=" ">
         <marc:subfield code="a">text file</marc:subfield>
         <marc:subfield code="b">PDF</marc:subfield>
         <marc:subfield code="2">rda</marc:subfield>
      </marc:datafield>
      <marc:datafield tag="538" ind1=" " ind2=" ">
         <marc:subfield code="a">System requirements: Adobe Reader or other PDF viewer.</marc:subfield>
      </marc:datafield>
      <marc:datafield tag="588" ind1=" " ind2=" ">
         <marc:subfield code="a">Description based on online resource; title from PDF title page.</marc:subfield>
      </marc:datafield>
      <marc:datafield tag="500" ind1=" " ind2=" ">
         <marc:subfield code="a">Extent pagination is PDF page count.</marc:subfield>
      </marc:datafield>
      <marc:datafield tag="500" ind1=" " ind2=" ">
         <marc:subfield code="a">Advisory committee: R. Dean Grubbs, Professor Directing Dissertation; James Elsner, University Representative; Charles Cotton, Committee Member; Mariana Fuentes, Committee Member; Jeff Chanton, Committee Member.</marc:subfield>
      </marc:datafield>
      <marc:datafield tag="500" ind1=" " ind2=" ">
         <marc:subfield code="a">A Dissertation submitted to the Department of Earth, Ocean, and Atmospheric Science in partial fulfillment of the requirements for the degree of Doctor of Philosophy.</marc:subfield>
      </marc:datafield>
      <marc:datafield tag="500" ind1=" " ind2=" ">
         <marc:subfield code="a">Date of Defense: April 2, 2020</marc:subfield>
      </marc:datafield>
      <marc:datafield tag="500" ind1=" " ind2=" ">
         <marc:subfield code="a">Keywords: climate, migration, navigation, parturition, shark, site fidelity</marc:subfield>
      </marc:datafield>
      <marc:datafield tag="502" ind1=" " ind2=" ">
         <marc:subfield code="b">Ph.D.</marc:subfield>
         <marc:subfield code="c">Florida State University</marc:subfield>
         <marc:subfield code="d">2020.</marc:subfield>
      </marc:datafield>
      <marc:datafield tag="520" ind1="3" ind2=" ">
         <marc:subfield code="a">Elasmobranch fishes are a highly vagile group that often cross state, regional or international boundaries. Delineating migratory patterns that cross jurisdictional boundaries is essential for effective management, especially when confronted with fishing pressures and regulations that vary over space and time. In addition to migrating individuals, studying critical life stages, such as neonates, is important for fisheries management. The broad goal of this dissertation was to develop a robust understanding of the spatiotemporal ecology of the bonnethead, Sphyrna tiburo. Our objectives were to quantify migration metrics (duration, distance, etc.) and assess the effects of ocean temperature on these metrics, to delineate the species’ pupping grounds and to determine if the bonnethead uses magnetic-based navigation. We used passive acoustic telemetry to track the migrations of 44 bonnetheads for up to 1506 days across ~ 1070 km of Southeastern United States Atlantic coastline. Bonnetheads are a widely distributed small coastal shark in the western hemisphere. The majority of these sharks exhibited strong site fidelity to the North Edisto River in South Carolina and returned annually, residing in the estuary from April to November. Climatic migrations then occurred and overwintering habitats were located throughout Georgia and mid-Florida waters. We present the interannual effects of varying ocean temperature on the seasonal migrations of individual sharks. We found that interannual variations in sea surface temperature had significant effects on the migration distance, duration, and date of arrival to overwintering habitats of individual sharks. An electivity analysis suggested that overwintering locations are selected based upon ocean temperature and not physical location. Given the significant effects of sea surface temperature on migration, future migrations may be altered due to climate change and warming seas. Given the degree of site fidelity observed, our work also has robust implications for the management of this species, as animals with strong ties to specific locations are put at high risks of localized extirpation. The data generated from this study can be used to generate predictive models that can estimate overwintering areas based upon sea surface temperature. These areas can then be protected during migration should the stock become imperiled. While monitoring the residency of S. tiburo in the North Edisto River (NER) we noticed a repeated absence of acoustic detections that aligned with the temporal span when parturition occurs. This absence from the NER suggested they may be giving birth outside of the estuarine waters. We used acoustic telemetry to track pregnant females and found they left the NER for ~2 weeks every year. During this time, they underwent a migration down the coast of the United States into the coastal waters of southern South Carolina and Georgia. We also analyzed fishery-independent surveys and found neonates began to appear in nearshore trawls during this same time period. The mature females caught in these surveys also lost ~1 kg of total body weight from summer to early fall, which we suspect indicates a birthing event. Additionally, an independent study from the same region demonstrated that bonnetheads were post-partum in September. Collectively these data illustrate that bonnetheads emigrate from the NER while pregnant, migrate down the coast, give birth and return to the NER. These data are important for the management of the bonnethead because their primary source of mortality is as bycatch in the shrimp fishery, which has spatiotemporal overlap in these nearshore waters. In our first two research chapters, we highlighted the migratory behavior of the bonnethead and demonstrated that they are capable of migrating over 1,000 km and successfully returning to a target location. In order for these movements to be possible, having a map sense may be important, and the earth’s magnetic field appears to be an important component of this behavior for other taxa. Whilst sharks have been at the forefront of sensory physiology research on sensitivity to electromagnetic fields, whether they use Earth's magnetic field for navigation is unresolved. Here we use a “magnetic displacement” experiment to show that sharks can use the map-like information from earth’s magnetic field to orient. Bonnethead sharks captured along the panhandle of Florida and exposed to a magnetic field mimicking a southern latitude within their range in the Gulf of Mexico oriented homeward, whereas orientation was random when exposed to a field that mimicked a northern latitude outside of their range (in the continental U.S.A.). Likewise, orientation was random when sharks were exposed to a field that controlled for nonspecific effects of the testing procedure. Given that sharks have prior experience of more southern magnetic fields than the control site, but never of more northern fields, our findings are consistent with the hypothesis that sharks learn magnetic features for navigational tasks. The apparent ability of sharks to discriminate position using magnetic cues may also explain the sensory basis by which genetic structure of shark populations are maintained and how cryptic speciation can occur - despite no geographic barriers among reproductive locations.</marc:subfield>
      </marc:datafield>
      <marc:datafield tag="504" ind1=" " ind2=" ">
         <marc:subfield code="a">Includes bibliographical references.</marc:subfield>
      </marc:datafield>
      <marc:datafield tag="506" ind1=" " ind2=" ">
         <marc:subfield code="a">This thesis/dissertation may be embargoed for a limited time. Click access link to check availability.</marc:subfield>
      </marc:datafield>
      <marc:datafield tag="650" ind1=" " ind2="0">
         <marc:subfield code="a">Marine biology</marc:subfield>
      </marc:datafield>
      <marc:datafield tag="655" ind1=" " ind2="7">
         <marc:subfield code="a">Electronic Thesis or Dissertation.</marc:subfield>
         <marc:subfield code="2">dct</marc:subfield>
      </marc:datafield>
      <marc:datafield tag="690" ind1=" " ind2="7">
         <marc:subfield code="a">FSU Dissertations.</marc:subfield>
         <marc:subfield code="2">local</marc:subfield>
         <marc:subfield code="9">LOCAL</marc:subfield>
      </marc:datafield>
      <marc:datafield tag="710" ind1="2" ind2=" ">
         <marc:subfield code="a">Florida State University.</marc:subfield>
         <marc:subfield code="e">degree granting instution.</marc:subfield>
         <marc:subfield code="0">http://id.loc.gov/authorities/names/n80126238</marc:subfield>
      </marc:datafield>
      <marc:datafield tag="931" ind1="1" ind2=" ">
         <marc:subfield code="a">Grubbs, R. Dean</marc:subfield>
         <marc:subfield code="e">professor directing dissertation</marc:subfield>
         <marc:subfield code="9">LOCAL</marc:subfield>
      </marc:datafield>
      <marc:datafield tag="931" ind1="1" ind2=" ">
         <marc:subfield code="a">Elsner, James B.</marc:subfield>
         <marc:subfield code="e">university representative</marc:subfield>
         <marc:subfield code="9">LOCAL</marc:subfield>
      </marc:datafield>
      <marc:datafield tag="931" ind1="1" ind2=" ">
         <marc:subfield code="a">Cotton, Charles F.</marc:subfield>
         <marc:subfield code="e">committee member</marc:subfield>
         <marc:subfield code="9">LOCAL</marc:subfield>
      </marc:datafield>
      <marc:datafield tag="931" ind1="1" ind2=" ">
         <marc:subfield code="a">Fuentes, Mariana</marc:subfield>
         <marc:subfield code="e">committee member</marc:subfield>
         <marc:subfield code="9">LOCAL</marc:subfield>
      </marc:datafield>
      <marc:datafield tag="931" ind1="1" ind2=" ">
         <marc:subfield code="a">Chanton, Jeffrey P.</marc:subfield>
         <marc:subfield code="e">committee member</marc:subfield>
         <marc:subfield code="9">LOCAL</marc:subfield>
      </marc:datafield>
      <marc:datafield tag="932" ind1="2" ind2=" ">
         <marc:subfield code="a">Department of Earth, Ocean, and Atmospheric Science.</marc:subfield>
         <marc:subfield code="9">LOCAL</marc:subfield>
      </marc:datafield>
      <marc:datafield tag="904" ind1=" " ind2=" ">
         <marc:subfield code="a">4</marc:subfield>
         <marc:subfield code="9">LOCAL</marc:subfield>
      </marc:datafield>
   </marc:record>