
   <marc:record>
      <marc:leader>     nam  22     Ki 4500</marc:leader>
      <marc:controlfield tag="006">m     o  d        </marc:controlfield>
      <marc:controlfield tag="007">cr |||||||||||</marc:controlfield>
      <marc:controlfield tag="008">      s2020    flu     obm   000 0  d</marc:controlfield>
      <marc:datafield tag="040" ind1=" " ind2=" ">
         <marc:subfield code="a">FDA</marc:subfield>
         <marc:subfield code="b">eng</marc:subfield>
         <marc:subfield code="e">rda</marc:subfield>
         <marc:subfield code="c">FDA</marc:subfield>
      </marc:datafield>
      <marc:datafield tag="100" ind1="1" ind2=" ">
         <marc:subfield code="a">Koch, Bailey Anne</marc:subfield>
         <marc:subfield code="e">author</marc:subfield>
      </marc:datafield>
      <marc:datafield tag="245" ind1="1" ind2="0">
         <marc:subfield code="a">Regulation at the Nuclear Envelope :</marc:subfield>
         <marc:subfield code="b">Degradation and Remodeling in S. Cerevisiae</marc:subfield>
         <marc:subfield code="c">Bailey Anne Koch</marc:subfield>
      </marc:datafield>
      <marc:datafield tag="264" ind1=" " ind2="1">
         <marc:subfield code="a">Tallahassee, Florida :</marc:subfield>
         <marc:subfield code="b">Florida State University</marc:subfield>
         <marc:subfield code="c">2020</marc:subfield>
      </marc:datafield>
      <marc:datafield tag="300" ind1=" " ind2=" ">
         <marc:subfield code="a">1 online resource (119 pages)</marc:subfield>
      </marc:datafield>
      <marc:datafield tag="336" ind1=" " ind2=" ">
         <marc:subfield code="a">text</marc:subfield>
         <marc:subfield code="b">txt</marc:subfield>
         <marc:subfield code="2">rdacontent</marc:subfield>
      </marc:datafield>
      <marc:datafield tag="337" ind1=" " ind2=" ">
         <marc:subfield code="a">computer</marc:subfield>
         <marc:subfield code="b">c</marc:subfield>
         <marc:subfield code="2">rdamedia</marc:subfield>
      </marc:datafield>
      <marc:datafield tag="338" ind1=" " ind2=" ">
         <marc:subfield code="a">online resource</marc:subfield>
         <marc:subfield code="b">cr</marc:subfield>
         <marc:subfield code="2">rdacarrier</marc:subfield>
      </marc:datafield>
      <marc:datafield tag="347" ind1=" " ind2=" ">
         <marc:subfield code="a">text file</marc:subfield>
         <marc:subfield code="b">PDF</marc:subfield>
         <marc:subfield code="2">rda</marc:subfield>
      </marc:datafield>
      <marc:datafield tag="538" ind1=" " ind2=" ">
         <marc:subfield code="a">System requirements: Adobe Reader or other PDF viewer.</marc:subfield>
      </marc:datafield>
      <marc:datafield tag="588" ind1=" " ind2=" ">
         <marc:subfield code="a">Description based on online resource; title from PDF title page.</marc:subfield>
      </marc:datafield>
      <marc:datafield tag="500" ind1=" " ind2=" ">
         <marc:subfield code="a">Extent pagination is PDF page count.</marc:subfield>
      </marc:datafield>
      <marc:datafield tag="500" ind1=" " ind2=" ">
         <marc:subfield code="a">Advisory committee: Hong-Guo Yu, Professor Directing Dissertation; Yanchang Wang, University Representative; Hank W. Bass, Committee Member; M. Elizabeth Stroupe, Committee Member; Robert J. Tomko, Jr., Committee Member.</marc:subfield>
      </marc:datafield>
      <marc:datafield tag="500" ind1=" " ind2=" ">
         <marc:subfield code="a">A Dissertation submitted to the Department of Biological Science in partial fulfillment of the requirements for the degree of Doctor of Philosophy.</marc:subfield>
      </marc:datafield>
      <marc:datafield tag="500" ind1=" " ind2=" ">
         <marc:subfield code="a">Date of Defense: April 3, 2020</marc:subfield>
      </marc:datafield>
      <marc:datafield tag="502" ind1=" " ind2=" ">
         <marc:subfield code="b">Ph.D.</marc:subfield>
         <marc:subfield code="c">Florida State University</marc:subfield>
         <marc:subfield code="d">2020.</marc:subfield>
      </marc:datafield>
      <marc:datafield tag="520" ind1="3" ind2=" ">
         <marc:subfield code="a">The eukaryotic genome is encased by a double membrane structure, the nuclear envelope (NE), forming the outer structure of the nucleus. The NE is highly dynamic and separates the nucleoplasm from the cytoplasm. The NE is involved in processes such as the maintenance of nuclear architecture, chromatin organization, DNA replication, gene expression, and signal transduction. Maintaining NE dynamics is crucial for cellular health, as compromised NE integrity is a key indicator of various pathologies and also of cellular aging. The outer nuclear membrane (ONM) of the NE is contiguous with the endoplasmic reticulum (ER), whereas the inner nuclear membrane (INM) is compositionally distinct but contiguous with the ONM through nuclear pore complexes (NPCs). In order to ensure homeostasis between these membranes, degradation systems are in place at both the INM and ONM/ER. INM-associated degradation (INMAD) is required for both protein quality control and regulated proteolysis of INM proteins. Two INMAD pathways utilizing the membrane bound E3 ligase complexes, containing either Doa10 or Asi1-3, have been previously defined, and we have revealed a novel branch mediated by the nuclear ligase anaphase promoting complex/cyclosome (APC/C). APC/C-mediated INMAD functions with the E2 ligases Ubc6 and Ubc7, and is responsible for the degradation of the SUN protein, Mps3, through the ubiquitin proteasome. Mps3 is the sole SUN protein in budding yeast and physically interacts with the KASH-like protein within the luminal space of the NE. This interaction creates the linker of nucleoskeleton and cytoskeleton (LINC) complex. The LINC complex spans the NE and is critical for transducing mechanical forces from the cytoskeleton to the nucleus. Dysregulation of the LINC complex, such as the overaccumulation of SUN proteins, in mammals leads to catastrophic disruption of NE integrity, resulting in a range of disorders termed laminopathies. Our finding that the budding yeast SUN protein is regulated by APC/C has implications for the conserved nature of INMAD processes and is crucial to understanding many laminopathies in humans. Another complex crucial for maintaining NE integrity that spans the NE is the NPC. NPCs are large multi-subunit structures that form an aqueous channel embedded in the NE, allowing for passage between the nucleus and cytoplasm. Functional NPCs are essential for nucleocytoplasmic transport, a process required for maintaining NE integrity and cellular health. NPCs were previously hypothesized to be extremely stable complexes, but recent work in budding yeast meiosis has revealed a unique aggregation of NPCs during anaphase II that is believed to occur as a quality control mechanism, constricting NPCs from the gametes. The aggregated NPCs were found to cluster with senescence factors, including oxidatively damaged protein aggregates and rDNA circles, implying this sequestration is a reorganization of the NE and functions to rejuvenate the resulting daughter cells. However, at the molecular level neither the mechanism regulating NE reorganization, nor how daughter cells are rejuvenated are entirely clear. We have found that the meiotic sequestration of NPCs (MSON) compartment is dependent on the Endosomal Sorting Complexes Required for Transport (ESCRT)-III complex, providing the first mechanistic insight into meiotic NE reorganization with implications for cellular rejuvenation. During meiosis, the LEM-domain protein, Heh1, and the ESCRT-III component, Chm7, function with the AAA-ATPase Vps4 to form constriction sites similar to those observed during asymmetric cell division in mitosis. Constriction of the NPCs is an essential process in meiosis to ensure the rejuvenation of gametes, as hindering this sequestration results in a deterioration of the daughter cells’ replicative lifespans. Our finding that ESCRT-III/Vps4 mediates the sequestration of NPCs during meiosis II is relevant to the understanding of aging and other NPC related diseases such as early-onset dystonia. Maintaining nuclear integrity is a critical factor in cellular health, mediated in part by the LINC complex and NPC, both of which are highly conserved in composition and in function. Perturbation of the regulatory mechanisms acting on these complexes leads to a variety of diseases and aging disorders in humans, underlining the significance of elucidating these factors in budding yeast. Our work establishes the first known case of APC/C-mediated protein degradation at the NE, and also the first example of an ESCRT-III mediated mechanism for meiotic NE reorganization. These processes are critical for coordinating nuclear morphogenesis and cell-cycle progression, while providing mechanistic insight into the poorly understood phenomena of cellular rejuvenation. These studies have broad implications, therefore, for better understanding of laminopathies and age-associated diseases in humans.</marc:subfield>
      </marc:datafield>
      <marc:datafield tag="504" ind1=" " ind2=" ">
         <marc:subfield code="a">Includes bibliographical references.</marc:subfield>
      </marc:datafield>
      <marc:datafield tag="506" ind1=" " ind2=" ">
         <marc:subfield code="a">This thesis/dissertation may be embargoed for a limited time. Click access link to check availability.</marc:subfield>
      </marc:datafield>
      <marc:datafield tag="650" ind1=" " ind2="0">
         <marc:subfield code="a">Cytology</marc:subfield>
      </marc:datafield>
      <marc:datafield tag="650" ind1=" " ind2="0">
         <marc:subfield code="a">Genetics</marc:subfield>
      </marc:datafield>
      <marc:datafield tag="655" ind1=" " ind2="7">
         <marc:subfield code="a">Electronic Thesis or Dissertation.</marc:subfield>
         <marc:subfield code="2">dct</marc:subfield>
      </marc:datafield>
      <marc:datafield tag="690" ind1=" " ind2="7">
         <marc:subfield code="a">FSU Dissertations.</marc:subfield>
         <marc:subfield code="2">local</marc:subfield>
         <marc:subfield code="9">LOCAL</marc:subfield>
      </marc:datafield>
      <marc:datafield tag="710" ind1="2" ind2=" ">
         <marc:subfield code="a">Florida State University.</marc:subfield>
         <marc:subfield code="e">degree granting instution.</marc:subfield>
         <marc:subfield code="0">http://id.loc.gov/authorities/names/n80126238</marc:subfield>
      </marc:datafield>
      <marc:datafield tag="931" ind1="1" ind2=" ">
         <marc:subfield code="a">Yu, Hong-Guo</marc:subfield>
         <marc:subfield code="e">professor directing dissertation</marc:subfield>
         <marc:subfield code="9">LOCAL</marc:subfield>
      </marc:datafield>
      <marc:datafield tag="931" ind1="1" ind2=" ">
         <marc:subfield code="a">Wang, Yanchang</marc:subfield>
         <marc:subfield code="c">(Biomedical Sciences Professor)</marc:subfield>
         <marc:subfield code="e">university representative</marc:subfield>
         <marc:subfield code="9">LOCAL</marc:subfield>
      </marc:datafield>
      <marc:datafield tag="931" ind1="1" ind2=" ">
         <marc:subfield code="a">Bass, Hank W.</marc:subfield>
         <marc:subfield code="e">committee member</marc:subfield>
         <marc:subfield code="9">LOCAL</marc:subfield>
      </marc:datafield>
      <marc:datafield tag="931" ind1="1" ind2=" ">
         <marc:subfield code="a">Stroupe, M. Elizabeth</marc:subfield>
         <marc:subfield code="q">(Margaret Elizabeth)</marc:subfield>
         <marc:subfield code="e">committee member</marc:subfield>
         <marc:subfield code="9">LOCAL</marc:subfield>
      </marc:datafield>
      <marc:datafield tag="931" ind1="1" ind2=" ">
         <marc:subfield code="a">Tomko, Robert J.</marc:subfield>
         <marc:subfield code="c">Jr.</marc:subfield>
         <marc:subfield code="e">committee member</marc:subfield>
         <marc:subfield code="9">LOCAL</marc:subfield>
      </marc:datafield>
      <marc:datafield tag="932" ind1="2" ind2=" ">
         <marc:subfield code="a">Department of Biological Science.</marc:subfield>
         <marc:subfield code="9">LOCAL</marc:subfield>
      </marc:datafield>
      <marc:datafield tag="904" ind1=" " ind2=" ">
         <marc:subfield code="a">4</marc:subfield>
         <marc:subfield code="9">LOCAL</marc:subfield>
      </marc:datafield>
   </marc:record>