
   <marc:record>
      <marc:leader>     nam  22     Ki 4500</marc:leader>
      <marc:controlfield tag="006">m     o  d        </marc:controlfield>
      <marc:controlfield tag="007">cr |||||||||||</marc:controlfield>
      <marc:controlfield tag="008">      s2020    flu     obm   000 0  d</marc:controlfield>
      <marc:datafield tag="040" ind1=" " ind2=" ">
         <marc:subfield code="a">FDA</marc:subfield>
         <marc:subfield code="b">eng</marc:subfield>
         <marc:subfield code="e">rda</marc:subfield>
         <marc:subfield code="c">FDA</marc:subfield>
      </marc:datafield>
      <marc:datafield tag="100" ind1="1" ind2=" ">
         <marc:subfield code="a">Lancaster, Morgan Leigh</marc:subfield>
         <marc:subfield code="e">author</marc:subfield>
      </marc:datafield>
      <marc:datafield tag="245" ind1="1" ind2="0">
         <marc:subfield code="a">Influential Factors on Young Adult Cyber Dating Abuse</marc:subfield>
         <marc:subfield code="c">Morgan Leigh Lancaster</marc:subfield>
      </marc:datafield>
      <marc:datafield tag="264" ind1=" " ind2="1">
         <marc:subfield code="a">Tallahassee, Florida :</marc:subfield>
         <marc:subfield code="b">Florida State University</marc:subfield>
         <marc:subfield code="c">2020</marc:subfield>
      </marc:datafield>
      <marc:datafield tag="300" ind1=" " ind2=" ">
         <marc:subfield code="a">1 online resource (103 pages)</marc:subfield>
      </marc:datafield>
      <marc:datafield tag="336" ind1=" " ind2=" ">
         <marc:subfield code="a">text</marc:subfield>
         <marc:subfield code="b">txt</marc:subfield>
         <marc:subfield code="2">rdacontent</marc:subfield>
      </marc:datafield>
      <marc:datafield tag="337" ind1=" " ind2=" ">
         <marc:subfield code="a">computer</marc:subfield>
         <marc:subfield code="b">c</marc:subfield>
         <marc:subfield code="2">rdamedia</marc:subfield>
      </marc:datafield>
      <marc:datafield tag="338" ind1=" " ind2=" ">
         <marc:subfield code="a">online resource</marc:subfield>
         <marc:subfield code="b">cr</marc:subfield>
         <marc:subfield code="2">rdacarrier</marc:subfield>
      </marc:datafield>
      <marc:datafield tag="347" ind1=" " ind2=" ">
         <marc:subfield code="a">text file</marc:subfield>
         <marc:subfield code="b">PDF</marc:subfield>
         <marc:subfield code="2">rda</marc:subfield>
      </marc:datafield>
      <marc:datafield tag="538" ind1=" " ind2=" ">
         <marc:subfield code="a">System requirements: Adobe Reader or other PDF viewer.</marc:subfield>
      </marc:datafield>
      <marc:datafield tag="588" ind1=" " ind2=" ">
         <marc:subfield code="a">Description based on online resource; title from PDF title page.</marc:subfield>
      </marc:datafield>
      <marc:datafield tag="500" ind1=" " ind2=" ">
         <marc:subfield code="a">Extent pagination is PDF page count.</marc:subfield>
      </marc:datafield>
      <marc:datafield tag="500" ind1=" " ind2=" ">
         <marc:subfield code="a">Advisory committee: Lenore McWey, Professor Directing Dissertation; Carter Hay, University Representative; Jonathan Kimmes, Committee Member; Joanna Wu, Committee Member.</marc:subfield>
      </marc:datafield>
      <marc:datafield tag="500" ind1=" " ind2=" ">
         <marc:subfield code="a">A Dissertation submitted to the Department of Family and Child Sciences in partial fulfillment of the requirements for the degree of Doctor of Philosophy.</marc:subfield>
      </marc:datafield>
      <marc:datafield tag="500" ind1=" " ind2=" ">
         <marc:subfield code="a">Date of Defense: March 12, 2020</marc:subfield>
      </marc:datafield>
      <marc:datafield tag="500" ind1=" " ind2=" ">
         <marc:subfield code="a">Keywords: attachment, couples, emotion regulation, family, intimate partner violence, technology</marc:subfield>
      </marc:datafield>
      <marc:datafield tag="502" ind1=" " ind2=" ">
         <marc:subfield code="b">Ph.D.</marc:subfield>
         <marc:subfield code="c">Florida State University</marc:subfield>
         <marc:subfield code="d">2020.</marc:subfield>
      </marc:datafield>
      <marc:datafield tag="520" ind1="3" ind2=" ">
         <marc:subfield code="a">Using communication technologies to threaten, harass, or control one’s romantic partner, or cyber dating abuse, has become a significant health concern among young adults. Previous research has shown that romantic partners use text messaging to promote emotional and relational connectedness and find texting to be an important emotional resource in their relationship. However, the growth of social technologies has also expanded the number of outlets for those involved in dating violence to harass, control, and abuse their partners The most common forms of cyber dating abuse occur when technology is used to exert control over one’s partner (e.g., monitoring where one’s partner is or what he/she does, putting one’s partner down) and unwanted invasion of privacy (e.g., the use of social network passwords without the partners permission, pretending to be one’s partner through a technology platform). Given the considerable amounts of aggression in U.S. college aged romantic relationships and the increasing amount of reciprocal partner aggression, the previous research on cyber dating abuse calls for a closer look at how varying levels of influence may play a role in the experience of those involved. Therefore, the current study explored the overarching question: how do multiple levels of influence (individual, partner, family) impact the experience of cyber dating abuse? More specifically, this study tested models of cyber dating abuse perpetration and victimization by examining partner attachment, family environment, and emotion regulation as predictors. Emotion regulation was also examined as a mediator between two predictors (partner attachment and family environment) and cyber dating abuse perpetration and victimization. The study sample consisted of 320 participants, recruited from undergraduate courses at a large public university, who reported being in a serious romantic relationship. The results of this study indicate that emotion regulation mediates the relationship between family environment, partner attachment and cyber dating abuse perpetration. Additionally, these findings suggest that although emotion regulation seems to predict cyber dating abuse victimization, it does not mediate the link between family environment or partner attachment and victimization. The results of the current study lend important information to clinicians, educators, and policy makers who should look to target funding and intervention efforts at critical, attachment-forming periods of development that might impact later involvement in cyber dating abuse. Clinicians can help those who are already involved in abuse by providing psychoeducation about the way internal working models of the world, established early in life, inform attitudes and behavioral decisions in adulthood. Additionally, the substantial overlap between those reporting they have been victims and those reporting they are also perpetrating the abuse suggests that couples therapy should include discussions about couple interactional cycles (e.g., pursue-withdrawal cycles) that emphasize emotion as a driving force. Based on this study, future research should develop and test interventions for cyber abuse that specifically involve bolstering emotion regulation skills in participants and that bring awareness to the five aspects of emotion regulation the extended process model suggests individuals are able to utilize in romantic relationships. Further, social norms regarding appropriate interpersonal communication and behavior within the online sphere should be empirically explored and perhaps discussed in therapeutic and educational settings with those experiencing cyber dating abuse. Altogether, by exploring the role that emotion regulation plays in influencing cyber dating abuse outcomes for young adults in romantic relationships, professionals may have another tool to promote inter- and intrapersonal well-being within this population.</marc:subfield>
      </marc:datafield>
      <marc:datafield tag="504" ind1=" " ind2=" ">
         <marc:subfield code="a">Includes bibliographical references.</marc:subfield>
      </marc:datafield>
      <marc:datafield tag="650" ind1=" " ind2="0">
         <marc:subfield code="a">Families</marc:subfield>
         <marc:subfield code="x">Study and teaching</marc:subfield>
      </marc:datafield>
      <marc:datafield tag="655" ind1=" " ind2="7">
         <marc:subfield code="a">Electronic Thesis or Dissertation.</marc:subfield>
         <marc:subfield code="2">dct</marc:subfield>
      </marc:datafield>
      <marc:datafield tag="690" ind1=" " ind2="7">
         <marc:subfield code="a">FSU Dissertations.</marc:subfield>
         <marc:subfield code="2">local</marc:subfield>
         <marc:subfield code="9">LOCAL</marc:subfield>
      </marc:datafield>
      <marc:datafield tag="710" ind1="2" ind2=" ">
         <marc:subfield code="a">Florida State University.</marc:subfield>
         <marc:subfield code="e">degree granting instution.</marc:subfield>
         <marc:subfield code="0">http://id.loc.gov/authorities/names/n80126238</marc:subfield>
      </marc:datafield>
      <marc:datafield tag="931" ind1="1" ind2=" ">
         <marc:subfield code="a">McWey, Lenore M.</marc:subfield>
         <marc:subfield code="e">professor directing dissertation</marc:subfield>
         <marc:subfield code="9">LOCAL</marc:subfield>
      </marc:datafield>
      <marc:datafield tag="931" ind1="1" ind2=" ">
         <marc:subfield code="a">Hay, Carter H.</marc:subfield>
         <marc:subfield code="e">university representative</marc:subfield>
         <marc:subfield code="9">LOCAL</marc:subfield>
      </marc:datafield>
      <marc:datafield tag="931" ind1="1" ind2=" ">
         <marc:subfield code="a">Kimmes, Jonathan G.</marc:subfield>
         <marc:subfield code="q">(Jonathan Gene)</marc:subfield>
         <marc:subfield code="e">committee member</marc:subfield>
         <marc:subfield code="9">LOCAL</marc:subfield>
      </marc:datafield>
      <marc:datafield tag="931" ind1="1" ind2=" ">
         <marc:subfield code="a">Wu, Qiong</marc:subfield>
         <marc:subfield code="c">(Professor of human sciences)</marc:subfield>
         <marc:subfield code="e">committee member</marc:subfield>
         <marc:subfield code="9">LOCAL</marc:subfield>
      </marc:datafield>
      <marc:datafield tag="932" ind1="2" ind2=" ">
         <marc:subfield code="a">Department of Family and Child Sciences.</marc:subfield>
         <marc:subfield code="9">LOCAL</marc:subfield>
      </marc:datafield>
      <marc:datafield tag="904" ind1=" " ind2=" ">
         <marc:subfield code="a">0</marc:subfield>
         <marc:subfield code="9">LOCAL</marc:subfield>
      </marc:datafield>
   </marc:record>