
   <marc:record>
      <marc:leader>     nam  22     Ki 4500</marc:leader>
      <marc:controlfield tag="006">m     o  d        </marc:controlfield>
      <marc:controlfield tag="007">cr |||||||||||</marc:controlfield>
      <marc:controlfield tag="008">      s2020    flu     obm   000 0  d</marc:controlfield>
      <marc:datafield tag="040" ind1=" " ind2=" ">
         <marc:subfield code="a">FDA</marc:subfield>
         <marc:subfield code="b">eng</marc:subfield>
         <marc:subfield code="e">rda</marc:subfield>
         <marc:subfield code="c">FDA</marc:subfield>
      </marc:datafield>
      <marc:datafield tag="100" ind1="1" ind2=" ">
         <marc:subfield code="a">Lerew, Sarah Anna</marc:subfield>
         <marc:subfield code="e">author</marc:subfield>
      </marc:datafield>
      <marc:datafield tag="245" ind1="1" ind2="0">
         <marc:subfield code="a">Pediatric Medical Music Therapy on YouTube :</marc:subfield>
         <marc:subfield code="b">A Content Analysis</marc:subfield>
         <marc:subfield code="c">Sarah Anna Lerew</marc:subfield>
      </marc:datafield>
      <marc:datafield tag="264" ind1=" " ind2="1">
         <marc:subfield code="a">Tallahassee, Florida :</marc:subfield>
         <marc:subfield code="b">Florida State University</marc:subfield>
         <marc:subfield code="c">2020</marc:subfield>
      </marc:datafield>
      <marc:datafield tag="300" ind1=" " ind2=" ">
         <marc:subfield code="a">1 online resource (50 pages)</marc:subfield>
      </marc:datafield>
      <marc:datafield tag="336" ind1=" " ind2=" ">
         <marc:subfield code="a">text</marc:subfield>
         <marc:subfield code="b">txt</marc:subfield>
         <marc:subfield code="2">rdacontent</marc:subfield>
      </marc:datafield>
      <marc:datafield tag="337" ind1=" " ind2=" ">
         <marc:subfield code="a">computer</marc:subfield>
         <marc:subfield code="b">c</marc:subfield>
         <marc:subfield code="2">rdamedia</marc:subfield>
      </marc:datafield>
      <marc:datafield tag="338" ind1=" " ind2=" ">
         <marc:subfield code="a">online resource</marc:subfield>
         <marc:subfield code="b">cr</marc:subfield>
         <marc:subfield code="2">rdacarrier</marc:subfield>
      </marc:datafield>
      <marc:datafield tag="347" ind1=" " ind2=" ">
         <marc:subfield code="a">text file</marc:subfield>
         <marc:subfield code="b">PDF</marc:subfield>
         <marc:subfield code="2">rda</marc:subfield>
      </marc:datafield>
      <marc:datafield tag="538" ind1=" " ind2=" ">
         <marc:subfield code="a">System requirements: Adobe Reader or other PDF viewer.</marc:subfield>
      </marc:datafield>
      <marc:datafield tag="588" ind1=" " ind2=" ">
         <marc:subfield code="a">Description based on online resource; title from PDF title page.</marc:subfield>
      </marc:datafield>
      <marc:datafield tag="500" ind1=" " ind2=" ">
         <marc:subfield code="a">Extent pagination is PDF page count.</marc:subfield>
      </marc:datafield>
      <marc:datafield tag="500" ind1=" " ind2=" ">
         <marc:subfield code="a">Advisory committee: Lori Gooding, Professor Directing Thesis; Jayne Standley, Committee Member; Dianne Gregory, Committee Member.</marc:subfield>
      </marc:datafield>
      <marc:datafield tag="500" ind1=" " ind2=" ">
         <marc:subfield code="a">A Thesis submitted to the College of Music in partial fulfillment of the requirements for the degree of Master of Music.</marc:subfield>
      </marc:datafield>
      <marc:datafield tag="500" ind1=" " ind2=" ">
         <marc:subfield code="a">Date of Defense: April 10, 2020</marc:subfield>
      </marc:datafield>
      <marc:datafield tag="500" ind1=" " ind2=" ">
         <marc:subfield code="a">Keywords: Medical Music Therapy, Music Therapy, Pediatric, Social Media Healthcare, YouTube</marc:subfield>
      </marc:datafield>
      <marc:datafield tag="502" ind1=" " ind2=" ">
         <marc:subfield code="b">M.M.</marc:subfield>
         <marc:subfield code="c">Florida State University</marc:subfield>
         <marc:subfield code="d">2020.</marc:subfield>
      </marc:datafield>
      <marc:datafield tag="520" ind1="3" ind2=" ">
         <marc:subfield code="a">The use of music therapy interventions within pediatric healthcare is becoming increasingly popular because of the unique outcome music is able to provide. The purpose of this study was to investigate how music therapy within in-patient pediatric healthcare is portrayed on the social media platform YouTube. The search term pediatric medical music therapy was entered in the search box on YouTube. To narrow the search, only the first 150 videos that (1) contained the terms music therapy or music therapist with or without credentials in the title or description, (2) were published during or between 2015 and 2020, (3) were 10 minutes or less in length, and (4) were related to pediatric inpatient medical music therapy were considered for further analysis. This resulted in a total of 41 videos for analysis. To determine the results, a content rubric created by the investigator was used to analyze video-specific and therapy-specific categories. Video-specific categories included identification of music therapist, further contact info provided, patients seen in video, parents or guardians seen in video, and adequate audio and visual quality. The therapy-specific categories included therapist qualification, patient goals, patient issues and needs, music therapy interventions, research referenced, and music therapy accurately explained. Overall the results showed that only 46% (n = 19) of videos accurately explained music therapy. The remaining 22 videos did not explain music therapy at all or misrepresented the field. There are many other factors that were examined which have the opportunity to establish credibility and adequate education on music therapy. To advocate for the profession, it is crucial that videos published on YouTube are accurate and provide sufficient information to avoid misrepresentation.</marc:subfield>
      </marc:datafield>
      <marc:datafield tag="504" ind1=" " ind2=" ">
         <marc:subfield code="a">Includes bibliographical references.</marc:subfield>
      </marc:datafield>
      <marc:datafield tag="655" ind1=" " ind2="7">
         <marc:subfield code="a">Electronic Thesis or Dissertation.</marc:subfield>
         <marc:subfield code="2">dct</marc:subfield>
      </marc:datafield>
      <marc:datafield tag="690" ind1=" " ind2="7">
         <marc:subfield code="a">FSU Dissertations.</marc:subfield>
         <marc:subfield code="2">local</marc:subfield>
         <marc:subfield code="9">LOCAL</marc:subfield>
      </marc:datafield>
      <marc:datafield tag="710" ind1="2" ind2=" ">
         <marc:subfield code="a">Florida State University.</marc:subfield>
         <marc:subfield code="e">degree granting instution.</marc:subfield>
         <marc:subfield code="0">http://id.loc.gov/authorities/names/n80126238</marc:subfield>
      </marc:datafield>
      <marc:datafield tag="931" ind1="1" ind2=" ">
         <marc:subfield code="a">Gooding, Lori F.</marc:subfield>
         <marc:subfield code="q">(Lori Fogus)</marc:subfield>
         <marc:subfield code="e">professor directing thesis</marc:subfield>
         <marc:subfield code="9">LOCAL</marc:subfield>
      </marc:datafield>
      <marc:datafield tag="931" ind1="1" ind2=" ">
         <marc:subfield code="a">Standley, Jayne M.</marc:subfield>
         <marc:subfield code="e">committee member</marc:subfield>
         <marc:subfield code="9">LOCAL</marc:subfield>
      </marc:datafield>
      <marc:datafield tag="931" ind1="1" ind2=" ">
         <marc:subfield code="a">Gregory, Sarah Dianne</marc:subfield>
         <marc:subfield code="e">committee member</marc:subfield>
         <marc:subfield code="9">LOCAL</marc:subfield>
      </marc:datafield>
      <marc:datafield tag="932" ind1="2" ind2=" ">
         <marc:subfield code="a">College of Music.</marc:subfield>
         <marc:subfield code="9">LOCAL</marc:subfield>
      </marc:datafield>
      <marc:datafield tag="904" ind1=" " ind2=" ">
         <marc:subfield code="a">0</marc:subfield>
         <marc:subfield code="9">LOCAL</marc:subfield>
      </marc:datafield>
   </marc:record>