
   <marc:record>
      <marc:leader>     nam  22     Ki 4500</marc:leader>
      <marc:controlfield tag="006">m     o  d        </marc:controlfield>
      <marc:controlfield tag="007">cr |||||||||||</marc:controlfield>
      <marc:controlfield tag="008">      s2020    flu     obm   000 0  d</marc:controlfield>
      <marc:datafield tag="040" ind1=" " ind2=" ">
         <marc:subfield code="a">FDA</marc:subfield>
         <marc:subfield code="b">eng</marc:subfield>
         <marc:subfield code="e">rda</marc:subfield>
         <marc:subfield code="c">FDA</marc:subfield>
      </marc:datafield>
      <marc:datafield tag="100" ind1="1" ind2=" ">
         <marc:subfield code="a">Li, Wenbo</marc:subfield>
         <marc:subfield code="e">author</marc:subfield>
      </marc:datafield>
      <marc:datafield tag="245" ind1="1" ind2="0">
         <marc:subfield code="a">Insights into Organic Matter Sources in Glacier Environments</marc:subfield>
         <marc:subfield code="c">Wenbo Li</marc:subfield>
      </marc:datafield>
      <marc:datafield tag="264" ind1=" " ind2="1">
         <marc:subfield code="a">Tallahassee, Florida :</marc:subfield>
         <marc:subfield code="b">Florida State University</marc:subfield>
         <marc:subfield code="c">2020</marc:subfield>
      </marc:datafield>
      <marc:datafield tag="300" ind1=" " ind2=" ">
         <marc:subfield code="a">1 online resource (51 pages)</marc:subfield>
      </marc:datafield>
      <marc:datafield tag="336" ind1=" " ind2=" ">
         <marc:subfield code="a">text</marc:subfield>
         <marc:subfield code="b">txt</marc:subfield>
         <marc:subfield code="2">rdacontent</marc:subfield>
      </marc:datafield>
      <marc:datafield tag="337" ind1=" " ind2=" ">
         <marc:subfield code="a">computer</marc:subfield>
         <marc:subfield code="b">c</marc:subfield>
         <marc:subfield code="2">rdamedia</marc:subfield>
      </marc:datafield>
      <marc:datafield tag="338" ind1=" " ind2=" ">
         <marc:subfield code="a">online resource</marc:subfield>
         <marc:subfield code="b">cr</marc:subfield>
         <marc:subfield code="2">rdacarrier</marc:subfield>
      </marc:datafield>
      <marc:datafield tag="347" ind1=" " ind2=" ">
         <marc:subfield code="a">text file</marc:subfield>
         <marc:subfield code="b">PDF</marc:subfield>
         <marc:subfield code="2">rda</marc:subfield>
      </marc:datafield>
      <marc:datafield tag="538" ind1=" " ind2=" ">
         <marc:subfield code="a">System requirements: Adobe Reader or other PDF viewer.</marc:subfield>
      </marc:datafield>
      <marc:datafield tag="588" ind1=" " ind2=" ">
         <marc:subfield code="a">Description based on online resource; title from PDF title page.</marc:subfield>
      </marc:datafield>
      <marc:datafield tag="500" ind1=" " ind2=" ">
         <marc:subfield code="a">Extent pagination is PDF page count.</marc:subfield>
      </marc:datafield>
      <marc:datafield tag="500" ind1=" " ind2=" ">
         <marc:subfield code="a">Advisory committee: Robert Spencer, Professor Directing Thesis; Michael R. Stukel, Committee Member; Yang Wang, Committee Member.</marc:subfield>
      </marc:datafield>
      <marc:datafield tag="500" ind1=" " ind2=" ">
         <marc:subfield code="a">A Thesis submitted to the Department of Earth, Ocean, and Atmospheric Science in partial fulfillment of the requirements for the degree of Master of Science.</marc:subfield>
      </marc:datafield>
      <marc:datafield tag="500" ind1=" " ind2=" ">
         <marc:subfield code="a">Date of Defense: March 16, 2020</marc:subfield>
      </marc:datafield>
      <marc:datafield tag="500" ind1=" " ind2=" ">
         <marc:subfield code="a">Keywords: Bioavaiable, Climate change, Dissolved organic matter, FT-ICR MS, Photochemistry</marc:subfield>
      </marc:datafield>
      <marc:datafield tag="502" ind1=" " ind2=" ">
         <marc:subfield code="b">M.S.</marc:subfield>
         <marc:subfield code="c">Florida State University</marc:subfield>
         <marc:subfield code="d">2020.</marc:subfield>
      </marc:datafield>
      <marc:datafield tag="520" ind1="3" ind2=" ">
         <marc:subfield code="a">Concurrent with the rapid increase in population on Earth in recent centuries has been an increase in fossil fuel combustion, clearing of land and burning (slash and burn agriculture), as well as increasing natural wildfires, all of which have led to additional sources of combustion materials to the atmosphere. The concentrations of thermogenic aerosols have risen dramatically globally with associated increases in deposition on glacial surfaces after atmospheric transport. Glaciers are arguably the most susceptible ecosystem to climate change and anthropogenic activities. A number of studies have suggested anthropogenic sources of organic matter (OM), particularly fossil fuel combustion byproducts, to be a major source of OM to glacier environments predominantly due to the old age of exported OM. However, the source of OM in glacier environments remains a topic of debate and has also been postulated to come from a host of other origins, including the deposition of OM from terrestrial sources, subglacial OM reservoirs, and supra and subglacial biological sources. With respect to glacier OM sourced from fossil fuel combustion byproducts, one disconnects is the chemical composition of dissolved organic matter (DOM) in glacier ecosystems does not definitively indicate a fossil fuel source. The aim of this research is to examine the potential of photochemical processes to impact the composition of DOM from a suite of common sources to glacier environments, and to assess how similar these sources of DOM are posting photochemical degradation to glacier DOM. In this study, eight endmembers are chosen as sources of OM that are either found directly on, or can be readily deposited onto, the supraglacial surface. Firstly, photoirradiation for all the endmembers was undertaken using the normal daylight range in a solar simulator. The pre-irradiated endmembers and post-irradiated endmembers all exhibited different values of chromophoric DOM (CDOM) absorbance parameters and dissolved organic carbon (DOC) concentrations. By comparing the photochemical degradation and how the final values compared to glacier DOM measurements, the systematic shifts in the data highlights that photochemical degradation can make DOM from the diverse range of potential endmembers look more similar to DOM found in glacier environments. The experiments demonstrate the posited endmembers for glacier DOM can indeed maintain their old radiocarbon age (i.e., diesel particulate matter) but change from a broad compositional standpoint (i.e., SUVA254) to looking like DOM exported from glacier environments. As the optical parameters like SUVA254 are broad compositional metrics, the next step was the examination of exact molecular formula assignments via Fourier transform ion cyclotron resonance mass spectrometry (FT-ICR MS). The molecular diversity of DOM found across the sample endmembers exhibit similarity of relative abundance (%RA) between photodegraded endmembers and glacial outflow samples (i.e., molecular level compositional convergence). The results presented in this thesis provide new insight into the impact of photochemistry on DOM with relevance to glacial DOM sources. Photochemistry could result in DOM that looks like glacier DOM at both the broad and molecular scale. These results highlight that sources of OM in glacier environments may be from these, and similar endmembers, and explain how glacier derived DOM can be both ancient (i.e., fossil fuel derived) and highly biolabile (driven by the DOM composition)</marc:subfield>
      </marc:datafield>
      <marc:datafield tag="504" ind1=" " ind2=" ">
         <marc:subfield code="a">Includes bibliographical references.</marc:subfield>
      </marc:datafield>
      <marc:datafield tag="650" ind1=" " ind2="0">
         <marc:subfield code="a">Biogeochemistry</marc:subfield>
      </marc:datafield>
      <marc:datafield tag="655" ind1=" " ind2="7">
         <marc:subfield code="a">Electronic Thesis or Dissertation.</marc:subfield>
         <marc:subfield code="2">dct</marc:subfield>
      </marc:datafield>
      <marc:datafield tag="690" ind1=" " ind2="7">
         <marc:subfield code="a">FSU Dissertations.</marc:subfield>
         <marc:subfield code="2">local</marc:subfield>
         <marc:subfield code="9">LOCAL</marc:subfield>
      </marc:datafield>
      <marc:datafield tag="710" ind1="2" ind2=" ">
         <marc:subfield code="a">Florida State University.</marc:subfield>
         <marc:subfield code="e">degree granting instution.</marc:subfield>
         <marc:subfield code="0">http://id.loc.gov/authorities/names/n80126238</marc:subfield>
      </marc:datafield>
      <marc:datafield tag="931" ind1="1" ind2=" ">
         <marc:subfield code="a">Spencer, Robert G. M.</marc:subfield>
         <marc:subfield code="e">professor directing thesis</marc:subfield>
         <marc:subfield code="9">LOCAL</marc:subfield>
      </marc:datafield>
      <marc:datafield tag="931" ind1="1" ind2=" ">
         <marc:subfield code="a">Stukel, Michael R.</marc:subfield>
         <marc:subfield code="e">committee member</marc:subfield>
         <marc:subfield code="9">LOCAL</marc:subfield>
      </marc:datafield>
      <marc:datafield tag="931" ind1="1" ind2=" ">
         <marc:subfield code="a">Wang, Yang</marc:subfield>
         <marc:subfield code="c">(Professor of Earth Ocean and Atmospheric Science)</marc:subfield>
         <marc:subfield code="e">committee member</marc:subfield>
         <marc:subfield code="9">LOCAL</marc:subfield>
      </marc:datafield>
      <marc:datafield tag="932" ind1="2" ind2=" ">
         <marc:subfield code="a">Department of Earth, Ocean, and Atmospheric Science.</marc:subfield>
         <marc:subfield code="9">LOCAL</marc:subfield>
      </marc:datafield>
      <marc:datafield tag="904" ind1=" " ind2=" ">
         <marc:subfield code="a">0</marc:subfield>
         <marc:subfield code="9">LOCAL</marc:subfield>
      </marc:datafield>
   </marc:record>