
   <marc:record>
      <marc:leader>     nam  22     Ki 4500</marc:leader>
      <marc:controlfield tag="006">m     o  d        </marc:controlfield>
      <marc:controlfield tag="007">cr |||||||||||</marc:controlfield>
      <marc:controlfield tag="008">      s2020    flu     obm   000 0  d</marc:controlfield>
      <marc:datafield tag="040" ind1=" " ind2=" ">
         <marc:subfield code="a">FDA</marc:subfield>
         <marc:subfield code="b">eng</marc:subfield>
         <marc:subfield code="e">rda</marc:subfield>
         <marc:subfield code="c">FDA</marc:subfield>
      </marc:datafield>
      <marc:datafield tag="100" ind1="1" ind2=" ">
         <marc:subfield code="a">Li, Weichen</marc:subfield>
         <marc:subfield code="e">author</marc:subfield>
      </marc:datafield>
      <marc:datafield tag="245" ind1="1" ind2="2">
         <marc:subfield code="a">A Comparative Analysis of Ridesharing :</marc:subfield>
         <marc:subfield code="b">City of Chicago</marc:subfield>
         <marc:subfield code="c">Weichen Li</marc:subfield>
      </marc:datafield>
      <marc:datafield tag="264" ind1=" " ind2="1">
         <marc:subfield code="a">Tallahassee, Florida :</marc:subfield>
         <marc:subfield code="b">Florida State University</marc:subfield>
         <marc:subfield code="c">2020</marc:subfield>
      </marc:datafield>
      <marc:datafield tag="300" ind1=" " ind2=" ">
         <marc:subfield code="a">1 online resource (48 pages)</marc:subfield>
      </marc:datafield>
      <marc:datafield tag="336" ind1=" " ind2=" ">
         <marc:subfield code="a">text</marc:subfield>
         <marc:subfield code="b">txt</marc:subfield>
         <marc:subfield code="2">rdacontent</marc:subfield>
      </marc:datafield>
      <marc:datafield tag="337" ind1=" " ind2=" ">
         <marc:subfield code="a">computer</marc:subfield>
         <marc:subfield code="b">c</marc:subfield>
         <marc:subfield code="2">rdamedia</marc:subfield>
      </marc:datafield>
      <marc:datafield tag="338" ind1=" " ind2=" ">
         <marc:subfield code="a">online resource</marc:subfield>
         <marc:subfield code="b">cr</marc:subfield>
         <marc:subfield code="2">rdacarrier</marc:subfield>
      </marc:datafield>
      <marc:datafield tag="347" ind1=" " ind2=" ">
         <marc:subfield code="a">text file</marc:subfield>
         <marc:subfield code="b">PDF</marc:subfield>
         <marc:subfield code="2">rda</marc:subfield>
      </marc:datafield>
      <marc:datafield tag="538" ind1=" " ind2=" ">
         <marc:subfield code="a">System requirements: Adobe Reader or other PDF viewer.</marc:subfield>
      </marc:datafield>
      <marc:datafield tag="588" ind1=" " ind2=" ">
         <marc:subfield code="a">Description based on online resource; title from PDF title page.</marc:subfield>
      </marc:datafield>
      <marc:datafield tag="500" ind1=" " ind2=" ">
         <marc:subfield code="a">Extent pagination is PDF page count.</marc:subfield>
      </marc:datafield>
      <marc:datafield tag="500" ind1=" " ind2=" ">
         <marc:subfield code="a">Advisory committee: Eren Erman Ozguven, Professor Directing Thesis; Ren Moses, Committee Member; Maxim Dulebenets, Committee Member.</marc:subfield>
      </marc:datafield>
      <marc:datafield tag="500" ind1=" " ind2=" ">
         <marc:subfield code="a">A Thesis submitted to the Department of Civil and Environmental Engineering in partial fulfillment of the requirements for the degree of Master of Science.</marc:subfield>
      </marc:datafield>
      <marc:datafield tag="500" ind1=" " ind2=" ">
         <marc:subfield code="a">Date of Defense: April 10, 2020</marc:subfield>
      </marc:datafield>
      <marc:datafield tag="500" ind1=" " ind2=" ">
         <marc:subfield code="a">Keywords: Analysis, Comparison, Ridesharing</marc:subfield>
      </marc:datafield>
      <marc:datafield tag="502" ind1=" " ind2=" ">
         <marc:subfield code="b">M.S.</marc:subfield>
         <marc:subfield code="c">Florida State University</marc:subfield>
         <marc:subfield code="d">2020.</marc:subfield>
      </marc:datafield>
      <marc:datafield tag="520" ind1="3" ind2=" ">
         <marc:subfield code="a">Over the last decade, ridesharing has been widely used by people to satisfy their daily transportation needs in the context of accessibility. Many people use smartphone apps such as Uber and Lyft for this purpose, which makes their life easier and helps provide accessibility. While these advances regarding the ridesharing has provided many benefits, there are still a lot of questions to be answered related to their potential benefits and the problems they can create. The literature review clearly indicates that the sharing economy is becoming more and more common and people begin to accept these new ideas and technologies to get more benefits. Additionally, as an important component of the sharing economy, the ridesharing in big cities causes a big impact on people’s daily transportation behavior. Several researchers have seen the need to develop studies to analyze the impact of ridesharing to people’s trip modes. However, the analysis of the ridesharing in the literature lacks a temporal comparison (i.e., comparison for different times), which may influence the travel time, travel cost, trip origins and destinations greatly. As such, this thesis provides a comparative Geographical Information Systems (GIS)-based analysis based on the real-life ridesharing data in order to provide a better understanding on their benefits and problems. Using this comparison as a basis, this thesis looks into issues such as traffic congestion and delays that can be observed due to increasing ridesharing especially in metropolitan areas. On the other hand, the thesis also assesses the benefits of ridesharing in the context of accessibility and safety. In order to achieve this, 1-year ridesharing data is obtained from the City of Chicago official website, and analyzed and processed using Python. In order to make an analysis easier given the big dataset, this thesis focuses on the months of March, June, September, and December and presents a comparative spatiotemporal analysis with a focus on months, time of day and location. This is also supported by the demographical data such as population, income, age and commercialization for Chicago. Descriptive statistical analysis is also conducted based on the collected data to draw more concrete conclusions. Based on the GIS and statistical analyses, several important conclusions are drawn given the ridesharing patterns of Chicago. The findings of the study show that the trip cost and trip distance are both positively associated with travel time, which is expected. There are other spatial and temporal conclusions that are drawn. At different times of the day, we observe that the actual cost and travel time for shared rides are different. Data suggests that peak hours always have more congestion and people need to pay more to get to their destinations during the peak hours. There are also more trips during peak hours than others. When we consider different seasons, it seems that the ridesharing companies charge more in March whereas they charge less in December. This may be due to the fact that Chicago gets less tourists in the month of December, therefore the companies try to attract the local customers by reducing the fare. Spatially, the most frequent places that are visited via ridesharing include the downtown Chicago, the central business district, and the airport. Also, findings indicate that people with high income use ridesharing more than others. The results of the thesis can be very useful for the ridesharing companies to adjust their strategies for the City of Chicago especially with a consideration in the temporal variation presented. Future work can focus on a more detailed socioeconomic analysis of Chicago ridesharing users.</marc:subfield>
      </marc:datafield>
      <marc:datafield tag="504" ind1=" " ind2=" ">
         <marc:subfield code="a">Includes bibliographical references.</marc:subfield>
      </marc:datafield>
      <marc:datafield tag="650" ind1=" " ind2="0">
         <marc:subfield code="a">Civil engineering</marc:subfield>
      </marc:datafield>
      <marc:datafield tag="650" ind1=" " ind2="0">
         <marc:subfield code="a">Transportation</marc:subfield>
         <marc:subfield code="x">Planning</marc:subfield>
      </marc:datafield>
      <marc:datafield tag="655" ind1=" " ind2="7">
         <marc:subfield code="a">Electronic Thesis or Dissertation.</marc:subfield>
         <marc:subfield code="2">dct</marc:subfield>
      </marc:datafield>
      <marc:datafield tag="690" ind1=" " ind2="7">
         <marc:subfield code="a">FSU Dissertations.</marc:subfield>
         <marc:subfield code="2">local</marc:subfield>
         <marc:subfield code="9">LOCAL</marc:subfield>
      </marc:datafield>
      <marc:datafield tag="710" ind1="2" ind2=" ">
         <marc:subfield code="a">Florida State University.</marc:subfield>
         <marc:subfield code="e">degree granting instution.</marc:subfield>
         <marc:subfield code="0">http://id.loc.gov/authorities/names/n80126238</marc:subfield>
      </marc:datafield>
      <marc:datafield tag="931" ind1="1" ind2=" ">
         <marc:subfield code="a">Ozguven, Eren Erman</marc:subfield>
         <marc:subfield code="e">professor directing thesis</marc:subfield>
         <marc:subfield code="9">LOCAL</marc:subfield>
      </marc:datafield>
      <marc:datafield tag="931" ind1="1" ind2=" ">
         <marc:subfield code="a">Moses, Ren</marc:subfield>
         <marc:subfield code="e">committee member</marc:subfield>
         <marc:subfield code="9">LOCAL</marc:subfield>
      </marc:datafield>
      <marc:datafield tag="931" ind1="1" ind2=" ">
         <marc:subfield code="a">Dulebenets, Maxim A.</marc:subfield>
         <marc:subfield code="e">committee member</marc:subfield>
         <marc:subfield code="9">LOCAL</marc:subfield>
      </marc:datafield>
      <marc:datafield tag="932" ind1="2" ind2=" ">
         <marc:subfield code="a">Department of Civil and Environmental Engineering.</marc:subfield>
         <marc:subfield code="9">LOCAL</marc:subfield>
      </marc:datafield>
      <marc:datafield tag="904" ind1=" " ind2=" ">
         <marc:subfield code="a">0</marc:subfield>
         <marc:subfield code="9">LOCAL</marc:subfield>
      </marc:datafield>
   </marc:record>