
   <marc:record>
      <marc:leader>     nam  22     Ki 4500</marc:leader>
      <marc:controlfield tag="006">m     o  d        </marc:controlfield>
      <marc:controlfield tag="007">cr |||||||||||</marc:controlfield>
      <marc:controlfield tag="008">      s2020    flu     obm   000 0  d</marc:controlfield>
      <marc:datafield tag="040" ind1=" " ind2=" ">
         <marc:subfield code="a">FDA</marc:subfield>
         <marc:subfield code="b">eng</marc:subfield>
         <marc:subfield code="e">rda</marc:subfield>
         <marc:subfield code="c">FDA</marc:subfield>
      </marc:datafield>
      <marc:datafield tag="100" ind1="1" ind2=" ">
         <marc:subfield code="a">Liu, Peiye</marc:subfield>
         <marc:subfield code="e">author</marc:subfield>
      </marc:datafield>
      <marc:datafield tag="245" ind1="1" ind2="0">
         <marc:subfield code="a">Copper(II)-Promoted Alkyne Coupling Reactions and the Ruthenium-Catalyzed Cycloaddition of Cyanoalkynes</marc:subfield>
         <marc:subfield code="c">Peiye Liu</marc:subfield>
      </marc:datafield>
      <marc:datafield tag="264" ind1=" " ind2="1">
         <marc:subfield code="a">Tallahassee, Florida :</marc:subfield>
         <marc:subfield code="b">Florida State University</marc:subfield>
         <marc:subfield code="c">2020</marc:subfield>
      </marc:datafield>
      <marc:datafield tag="300" ind1=" " ind2=" ">
         <marc:subfield code="a">1 online resource (152 pages)</marc:subfield>
      </marc:datafield>
      <marc:datafield tag="336" ind1=" " ind2=" ">
         <marc:subfield code="a">text</marc:subfield>
         <marc:subfield code="b">txt</marc:subfield>
         <marc:subfield code="2">rdacontent</marc:subfield>
      </marc:datafield>
      <marc:datafield tag="337" ind1=" " ind2=" ">
         <marc:subfield code="a">computer</marc:subfield>
         <marc:subfield code="b">c</marc:subfield>
         <marc:subfield code="2">rdamedia</marc:subfield>
      </marc:datafield>
      <marc:datafield tag="338" ind1=" " ind2=" ">
         <marc:subfield code="a">online resource</marc:subfield>
         <marc:subfield code="b">cr</marc:subfield>
         <marc:subfield code="2">rdacarrier</marc:subfield>
      </marc:datafield>
      <marc:datafield tag="347" ind1=" " ind2=" ">
         <marc:subfield code="a">text file</marc:subfield>
         <marc:subfield code="b">PDF</marc:subfield>
         <marc:subfield code="2">rda</marc:subfield>
      </marc:datafield>
      <marc:datafield tag="538" ind1=" " ind2=" ">
         <marc:subfield code="a">System requirements: Adobe Reader or other PDF viewer.</marc:subfield>
      </marc:datafield>
      <marc:datafield tag="588" ind1=" " ind2=" ">
         <marc:subfield code="a">Description based on online resource; title from PDF title page.</marc:subfield>
      </marc:datafield>
      <marc:datafield tag="500" ind1=" " ind2=" ">
         <marc:subfield code="a">Extent pagination is PDF page count.</marc:subfield>
      </marc:datafield>
      <marc:datafield tag="500" ind1=" " ind2=" ">
         <marc:subfield code="a">Advisory committee: Lei Zhu, Professor Directing Dissertation; Jingjiao Guan, University Representative; Michael Shatruk, Committee Member; James H. Frederich, Committee Member.</marc:subfield>
      </marc:datafield>
      <marc:datafield tag="500" ind1=" " ind2=" ">
         <marc:subfield code="a">A Dissertation submitted to the Department of Chemistry and Biochemistry in partial fulfillment of the requirements for the degree of Doctor of Philosophy.</marc:subfield>
      </marc:datafield>
      <marc:datafield tag="500" ind1=" " ind2=" ">
         <marc:subfield code="a">Date of Defense: March 31, 2020</marc:subfield>
      </marc:datafield>
      <marc:datafield tag="502" ind1=" " ind2=" ">
         <marc:subfield code="b">Ph.D.</marc:subfield>
         <marc:subfield code="c">Florida State University</marc:subfield>
         <marc:subfield code="d">2020.</marc:subfield>
      </marc:datafield>
      <marc:datafield tag="520" ind1="3" ind2=" ">
         <marc:subfield code="a">This dissertation describes the development of several Cu(II)-promoted coupling reactions involving alkynes, including Cu(II)-mediated cyanation of terminal alkynes using NaCN, and Cu(II)-catalyzed oxidative formation of alkynyltriazoles by intercepting alkyne homocoupling reaction using organic azide. 1-Cyanoalkynes, the products from the cyanation of terminal alkynes, are effective to deliver 4-cyano-1,2,3-triazoles regiospecifically via ruthenium-catalyzed cycloaddition with organic azides (RuAAC). Mechanistic experiments indicate a ruthenium catalytic cycle that is different from the reported RuAAC mechanisms. Also, the mechanism of Cu(II)-catalyzed oxidative formation of alkynyltriazoles was studied in detail by using N-heterocyclic carbene copper complexes and ESI-MS technique. Chapter 1 provides the background on Cu-promoted coupling reaction involving alkynes. Cu-catalyzed azide-alkyne cycloaddition and its applications are also summarized in that chapter. Chapter 2 presents the work on Cu(II)-mediated formation of 1-cyanoalkynes and their reactivity in Ru-catalyzed azide-alkyne cycloadditions. First, a facile method to synthesize 1-cyanoalkynes is introduced. This method uses a combination of Cu(II) perchlorate and sodium cyanide. DIPEA and 1-methylimidazole (or imidazole) are applied as the base and the supporting ligand, respectively. A series of 1-cyanoalkynes are synthesized and applied in ruthenium-catalyzed azide-alkyne cycloaddition. Experiments indicate that 1-cyanoalkyne reacts faster than terminal alkyne and other electro-poor internal alkynes. Supported by kinetic experiment and computational study, a catalytic cycle different from the reported RuAAC mechanism is proposed. The development of Cu(II)-catalyzed oxidative formation of alkynyltriazoles is described in Chapter 3. The reaction starts from terminal alkynes and organic azides with copper(II) acetate as the catalyst and the basic additive DBN. The method is evaluated in a broad scope of azides and alkynes. The reactivity rankings of azides and alkynes are concluded after the substrate scope expansion, and a systematic approach to optimizing yield is provided. Mechanistic experiments are applied regarding the dependence of each reaction component and the role of basic additive in the determination of oxidative products. Comparing to existing methods, this work provides the larges substrate scope and a detailed mechanistic study. Chapter 4 demonstrates the mechanistic study of Cu(II)-catalyzed oxidative formation of triazoles using air-stable copper(I) complexes of N-heterocyclic carbenes. The reactions are analyzed by NMR and ESI-MS technique. The effect of copper source and the additive, DBN or potassium carbonate, are studied using both analytical methods. DBN inhibits the cycloaddition step while potassium carbonate allows the cycloaddition to occur. ESI-MS is applied to detect potential reaction intermediates and to study the effect of additive on the formation of NHC-copper complexes. Base on the results from NMR and ESI-MS experiments, the effect of additive on the selectivity of oxidative products (alkynyltriazole and bistriazole) is illustrated. The supporting information file includes the 1H and 13C NMR spectra of 1-cyanoalkynes, 4-cyano-1,2,3-triazoles, and 5-alkynyl-1,2,3-triazoles synthesized in this dissertation. The images of isotopic patterns for the copper complexes identified from ESI-MS experiments are attached in the supporting information file. This file also includes X-ray crystallography data of some 4-cyano-1,2,3-triazoles.</marc:subfield>
      </marc:datafield>
      <marc:datafield tag="504" ind1=" " ind2=" ">
         <marc:subfield code="a">Includes bibliographical references.</marc:subfield>
      </marc:datafield>
      <marc:datafield tag="506" ind1=" " ind2=" ">
         <marc:subfield code="a">This thesis/dissertation may be embargoed for a limited time. Click access link to check availability.</marc:subfield>
      </marc:datafield>
      <marc:datafield tag="650" ind1=" " ind2="0">
         <marc:subfield code="a">Chemistry</marc:subfield>
      </marc:datafield>
      <marc:datafield tag="655" ind1=" " ind2="7">
         <marc:subfield code="a">Electronic Thesis or Dissertation.</marc:subfield>
         <marc:subfield code="2">dct</marc:subfield>
      </marc:datafield>
      <marc:datafield tag="690" ind1=" " ind2="7">
         <marc:subfield code="a">FSU Dissertations.</marc:subfield>
         <marc:subfield code="2">local</marc:subfield>
         <marc:subfield code="9">LOCAL</marc:subfield>
      </marc:datafield>
      <marc:datafield tag="710" ind1="2" ind2=" ">
         <marc:subfield code="a">Florida State University.</marc:subfield>
         <marc:subfield code="e">degree granting instution.</marc:subfield>
         <marc:subfield code="0">http://id.loc.gov/authorities/names/n80126238</marc:subfield>
      </marc:datafield>
      <marc:datafield tag="931" ind1="1" ind2=" ">
         <marc:subfield code="a">Zhu, Lei</marc:subfield>
         <marc:subfield code="d">1978-</marc:subfield>
         <marc:subfield code="e">professor directing dissertation</marc:subfield>
         <marc:subfield code="9">LOCAL</marc:subfield>
      </marc:datafield>
      <marc:datafield tag="931" ind1="1" ind2=" ">
         <marc:subfield code="a">Guan, Jingjiao</marc:subfield>
         <marc:subfield code="e">university representative</marc:subfield>
         <marc:subfield code="9">LOCAL</marc:subfield>
      </marc:datafield>
      <marc:datafield tag="931" ind1="1" ind2=" ">
         <marc:subfield code="a">Shatruk, Mykhailo</marc:subfield>
         <marc:subfield code="e">committee member</marc:subfield>
         <marc:subfield code="9">LOCAL</marc:subfield>
      </marc:datafield>
      <marc:datafield tag="931" ind1="1" ind2=" ">
         <marc:subfield code="a">Frederich, James H.</marc:subfield>
         <marc:subfield code="e">committee member</marc:subfield>
         <marc:subfield code="9">LOCAL</marc:subfield>
      </marc:datafield>
      <marc:datafield tag="932" ind1="2" ind2=" ">
         <marc:subfield code="a">Department of Chemistry and Biochemistry.</marc:subfield>
         <marc:subfield code="9">LOCAL</marc:subfield>
      </marc:datafield>
      <marc:datafield tag="904" ind1=" " ind2=" ">
         <marc:subfield code="a">4</marc:subfield>
         <marc:subfield code="9">LOCAL</marc:subfield>
      </marc:datafield>
   </marc:record>