
   <marc:record>
      <marc:leader>     nam  22     Ki 4500</marc:leader>
      <marc:controlfield tag="006">m     o  d        </marc:controlfield>
      <marc:controlfield tag="007">cr |||||||||||</marc:controlfield>
      <marc:controlfield tag="008">      s2020    flu     obm   000 0  d</marc:controlfield>
      <marc:datafield tag="040" ind1=" " ind2=" ">
         <marc:subfield code="a">FDA</marc:subfield>
         <marc:subfield code="b">eng</marc:subfield>
         <marc:subfield code="e">rda</marc:subfield>
         <marc:subfield code="c">FDA</marc:subfield>
      </marc:datafield>
      <marc:datafield tag="100" ind1="1" ind2=" ">
         <marc:subfield code="a">Mathis, Clausell</marc:subfield>
         <marc:subfield code="e">author</marc:subfield>
      </marc:datafield>
      <marc:datafield tag="245" ind1="1" ind2="3">
         <marc:subfield code="a">An Examination of One Physics Teacher's Dilemmas around Developing and Implementing Culturally Relevant Pedagogies in the
         Classroom</marc:subfield>
         <marc:subfield code="c">Clausell Mathis</marc:subfield>
      </marc:datafield>
      <marc:datafield tag="264" ind1=" " ind2="1">
         <marc:subfield code="a">Tallahassee, Florida :</marc:subfield>
         <marc:subfield code="b">Florida State University</marc:subfield>
         <marc:subfield code="c">2020</marc:subfield>
      </marc:datafield>
      <marc:datafield tag="300" ind1=" " ind2=" ">
         <marc:subfield code="a">1 online resource (185 pages)</marc:subfield>
      </marc:datafield>
      <marc:datafield tag="336" ind1=" " ind2=" ">
         <marc:subfield code="a">text</marc:subfield>
         <marc:subfield code="b">txt</marc:subfield>
         <marc:subfield code="2">rdacontent</marc:subfield>
      </marc:datafield>
      <marc:datafield tag="337" ind1=" " ind2=" ">
         <marc:subfield code="a">computer</marc:subfield>
         <marc:subfield code="b">c</marc:subfield>
         <marc:subfield code="2">rdamedia</marc:subfield>
      </marc:datafield>
      <marc:datafield tag="338" ind1=" " ind2=" ">
         <marc:subfield code="a">online resource</marc:subfield>
         <marc:subfield code="b">cr</marc:subfield>
         <marc:subfield code="2">rdacarrier</marc:subfield>
      </marc:datafield>
      <marc:datafield tag="347" ind1=" " ind2=" ">
         <marc:subfield code="a">text file</marc:subfield>
         <marc:subfield code="b">PDF</marc:subfield>
         <marc:subfield code="2">rda</marc:subfield>
      </marc:datafield>
      <marc:datafield tag="538" ind1=" " ind2=" ">
         <marc:subfield code="a">System requirements: Adobe Reader or other PDF viewer.</marc:subfield>
      </marc:datafield>
      <marc:datafield tag="588" ind1=" " ind2=" ">
         <marc:subfield code="a">Description based on online resource; title from PDF title page.</marc:subfield>
      </marc:datafield>
      <marc:datafield tag="500" ind1=" " ind2=" ">
         <marc:subfield code="a">Extent pagination is PDF page count.</marc:subfield>
      </marc:datafield>
      <marc:datafield tag="500" ind1=" " ind2=" ">
         <marc:subfield code="a">Advisory committee: Sherry A. Southerland, Professor Directing Dissertation; Simon Capstick, University Representative; Lama Jaber, Committee Member; Jeannine Turner, Committee Member.</marc:subfield>
      </marc:datafield>
      <marc:datafield tag="500" ind1=" " ind2=" ">
         <marc:subfield code="a">A Dissertation submitted to the School of Teacher Education in partial fulfillment of the requirements for the degree of Doctor of Philosophy.</marc:subfield>
      </marc:datafield>
      <marc:datafield tag="500" ind1=" " ind2=" ">
         <marc:subfield code="a">Date of Defense: April 6, 2020</marc:subfield>
      </marc:datafield>
      <marc:datafield tag="500" ind1=" " ind2=" ">
         <marc:subfield code="a">Keywords: culturally relevant pedagogy, culture, physics</marc:subfield>
      </marc:datafield>
      <marc:datafield tag="502" ind1=" " ind2=" ">
         <marc:subfield code="b">Ph.D.</marc:subfield>
         <marc:subfield code="c">Florida State University</marc:subfield>
         <marc:subfield code="d">2020.</marc:subfield>
      </marc:datafield>
      <marc:datafield tag="520" ind1="3" ind2=" ">
         <marc:subfield code="a">My motivation for developing this project started with the question: What is the intersection of students’ culture with physics ideas? I ask this because for decades scholars have explored the impact that the intersection of school and culture has on instruction in schools (Bryan &amp; Atwater, 2002; Gay, 2002; Ladson-Billings, 1995; Milner, 2011; Scherff &amp; Spector, 2011). Indeed, a variety of researchers have found that students have a higher level of engagement, performance, and identification when the instructor uses students’ cultural resources for instruction (Au &amp; Jordan, 1981; Brown, Collins, &amp; Duguid, 1989; Scherff &amp; Spector, 2011). There have been developments in pedagogical theories and approaches to teaching science from a culturally informed perspective (Banks, 1993; Carreon, 2007; Ladson-Billings, 1992). Pedagogical approaches that are culture-based are designed to give students from different cultural backgrounds very distinct classroom experiences than those traditionally seen. These experiences are designed to use students’ cultural resources as a reference to enhance the content, curriculum, and teaching approaches that structure students’ formal education to create meaningful academic experiences. However, while the development of the culture-based pedagogical approaches have been described in many disciplines, researchers have struggled to implement such pedagogies in science (Boutte, Kelly-Jackson, &amp; Johnson, 2010; Johnson, 2011). One of the primary tensions involved in this effort is the difficulty in merging the canonical knowledge to be learned with students’ cultures. There have been many approaches to bridge the two. For example, (1) identifying students’ cultural resources though funds of knowledge (Moll, Amanti, Neff, &amp; Gonzalez, 1992; Morrison, Robbins, &amp; Rose, 2008; Teo &amp; Khoh, 2015), and (2) problematizing a relevant issue within the context of students’ culture (Morales‐Doyle, 2017) have become well-recognized standards in this approach to instruction. However, these efforts have been largely fragmented, and the body of research has been poorly articulated as scholars have worked within different theoretical frameworks, focusing on varied disciplines and student target populations. Thus, the primary goal for this study was to systematically examine an attempt to incorporate a culturally relevant approach to physics instruction. The research has been structured to address the following research questions: 1. How does one physics teacher enact culturally relevant pedagogy? 2. What are the dilemmas a select physics teacher navigates as she develops and attempts to enact a culturally relevant approach to physics instruction? To answer these questions, I employed a qualitative case study approach to examine the efforts of a female African American Physics teacher (under the pseudonym Sarah), as she attempted to shift her instruction from a traditional approach to a culturally relevant one. Using data from classroom observations, co-planning sessions, and semi-structured interviews with the teacher, I examined the dilemmas Sarah experienced as she attempted to develop and enact culturally relevant curricula in her physics classroom. To frame my analysis of challenges posed by Sarah’s efforts, I used Windschitl’s (2002) framework of dilemmas teachers encounter which consists of: conceptual, pedagogical, cultural, and political. Findings revealed that Sarah showed the strongest indicators of culturally relevant pedagogy through her allowing students to address socio-political topics, consistent encouragement of students towards academic excellence, and ability to adapt curricula to capitalize on students’ strengths. The weakest indicator of culturally relevant pedagogy in Sarah’s instruction was found in the connection between students’ cultural norms and physics content. As Sarah worked to make her instruction more culturally relevant, she encountered many dilemmas in her teaching, ranging from difficulties with encouraging students to establish agency in their learning, constraints on using students’ cultural resources to connect to physics ideas, and restrictions from state curricula standards, along with local and school authorities that set boundaries on the sorts of lessons that she could enact. The findings from this case study suggests that Sarah placed a larger emphasis on cultural competence and socio-political consciousness, and a smaller emphasis on academic excellence in her physics instruction. The weaker emphasis on academic excellence was largely due to dilemmas Sarah encountered when she attempted to introduce a more constructivist-based approach to her teaching, as Sarah’s struggled with trying to manage students’ moments of uncertainty in their science learning. While Sarah supported students’ consideration of sociopolitical topics in her classroom, such as discussions of racial discrimination that students encountered, she struggled to find physics-based sociopolitical topics to anchor her instruction, and she struggled to connect students’ cultural resources to physics ideas. The conservative nature of her school system precluded the use of some forms of sociopolitical topics and required a fast pace of instruction, making the social consciousness tenant of Ladson Billings (1995) cultural relevance difficult to achieve within a physics context. In contrast, Sarah’s positionality as an African American woman familiar and comfortable in the students’ community allowed her to excel in cultural competence, and her drive for students to succeed provided one route to academic excellence. This study suggests that Culturally Relevant Pedagogy depends on a myriad of factors, relying in part on teachers’ relationships with students, their knowledge of students’ communities, wider institutional factors, as well as curriculum. Thus, no single lesson or activity that can assure culturally relevance. While CRP cannot be captured in any singular curricular document, these findings suggests that preservice and in-service teachers must be provided with many examples of teachers who use CRP in physics and other science classrooms and opportunities to enact such instruction, followed by a reflection on their practice. This case study is one example that will be useful to those interested in engaging in such instruction in the context of physics and it calls attention to the need for further curricular and instructional supports for such efforts.</marc:subfield>
      </marc:datafield>
      <marc:datafield tag="504" ind1=" " ind2=" ">
         <marc:subfield code="a">Includes bibliographical references.</marc:subfield>
      </marc:datafield>
      <marc:datafield tag="650" ind1=" " ind2="0">
         <marc:subfield code="a">Science</marc:subfield>
         <marc:subfield code="x">Study and teaching</marc:subfield>
      </marc:datafield>
      <marc:datafield tag="650" ind1=" " ind2="0">
         <marc:subfield code="a">Physics</marc:subfield>
      </marc:datafield>
      <marc:datafield tag="655" ind1=" " ind2="7">
         <marc:subfield code="a">Electronic Thesis or Dissertation.</marc:subfield>
         <marc:subfield code="2">dct</marc:subfield>
      </marc:datafield>
      <marc:datafield tag="690" ind1=" " ind2="7">
         <marc:subfield code="a">FSU Dissertations.</marc:subfield>
         <marc:subfield code="2">local</marc:subfield>
         <marc:subfield code="9">LOCAL</marc:subfield>
      </marc:datafield>
      <marc:datafield tag="710" ind1="2" ind2=" ">
         <marc:subfield code="a">Florida State University.</marc:subfield>
         <marc:subfield code="e">degree granting instution.</marc:subfield>
         <marc:subfield code="0">http://id.loc.gov/authorities/names/n80126238</marc:subfield>
      </marc:datafield>
      <marc:datafield tag="931" ind1="1" ind2=" ">
         <marc:subfield code="a">Southerland, Sherry A.</marc:subfield>
         <marc:subfield code="d">1962-</marc:subfield>
         <marc:subfield code="e">professor directing dissertation</marc:subfield>
         <marc:subfield code="9">LOCAL</marc:subfield>
      </marc:datafield>
      <marc:datafield tag="931" ind1="1" ind2=" ">
         <marc:subfield code="a">Capstick, Simon</marc:subfield>
         <marc:subfield code="d">1958-</marc:subfield>
         <marc:subfield code="e">university representative</marc:subfield>
         <marc:subfield code="9">LOCAL</marc:subfield>
      </marc:datafield>
      <marc:datafield tag="931" ind1="1" ind2=" ">
         <marc:subfield code="a">Jaber, Lama</marc:subfield>
         <marc:subfield code="e">committee member</marc:subfield>
         <marc:subfield code="9">LOCAL</marc:subfield>
      </marc:datafield>
      <marc:datafield tag="931" ind1="1" ind2=" ">
         <marc:subfield code="a">Turner, Jeannine E.</marc:subfield>
         <marc:subfield code="e">committee member</marc:subfield>
         <marc:subfield code="9">LOCAL</marc:subfield>
      </marc:datafield>
      <marc:datafield tag="932" ind1="2" ind2=" ">
         <marc:subfield code="a">School of Teacher Education.</marc:subfield>
         <marc:subfield code="9">LOCAL</marc:subfield>
      </marc:datafield>
      <marc:datafield tag="904" ind1=" " ind2=" ">
         <marc:subfield code="a">0</marc:subfield>
         <marc:subfield code="9">LOCAL</marc:subfield>
      </marc:datafield>
   </marc:record>