
   <marc:record>
      <marc:leader>     nam  22     Ki 4500</marc:leader>
      <marc:controlfield tag="006">m     o  d        </marc:controlfield>
      <marc:controlfield tag="007">cr |||||||||||</marc:controlfield>
      <marc:controlfield tag="008">      s2020    flu     obm   000 0  d</marc:controlfield>
      <marc:datafield tag="040" ind1=" " ind2=" ">
         <marc:subfield code="a">FDA</marc:subfield>
         <marc:subfield code="b">eng</marc:subfield>
         <marc:subfield code="e">rda</marc:subfield>
         <marc:subfield code="c">FDA</marc:subfield>
      </marc:datafield>
      <marc:datafield tag="100" ind1="1" ind2=" ">
         <marc:subfield code="a">Mendoza, Luis</marc:subfield>
         <marc:subfield code="e">author</marc:subfield>
      </marc:datafield>
      <marc:datafield tag="245" ind1="1" ind2="0">
         <marc:subfield code="a">Pairing and Pair Breaking in Bilayer Composite Fermion Metals</marc:subfield>
         <marc:subfield code="c">Luis Mendoza</marc:subfield>
      </marc:datafield>
      <marc:datafield tag="264" ind1=" " ind2="1">
         <marc:subfield code="a">Tallahassee, Florida :</marc:subfield>
         <marc:subfield code="b">Florida State University</marc:subfield>
         <marc:subfield code="c">2020</marc:subfield>
      </marc:datafield>
      <marc:datafield tag="300" ind1=" " ind2=" ">
         <marc:subfield code="a">1 online resource (103 pages)</marc:subfield>
      </marc:datafield>
      <marc:datafield tag="336" ind1=" " ind2=" ">
         <marc:subfield code="a">text</marc:subfield>
         <marc:subfield code="b">txt</marc:subfield>
         <marc:subfield code="2">rdacontent</marc:subfield>
      </marc:datafield>
      <marc:datafield tag="337" ind1=" " ind2=" ">
         <marc:subfield code="a">computer</marc:subfield>
         <marc:subfield code="b">c</marc:subfield>
         <marc:subfield code="2">rdamedia</marc:subfield>
      </marc:datafield>
      <marc:datafield tag="338" ind1=" " ind2=" ">
         <marc:subfield code="a">online resource</marc:subfield>
         <marc:subfield code="b">cr</marc:subfield>
         <marc:subfield code="2">rdacarrier</marc:subfield>
      </marc:datafield>
      <marc:datafield tag="347" ind1=" " ind2=" ">
         <marc:subfield code="a">text file</marc:subfield>
         <marc:subfield code="b">PDF</marc:subfield>
         <marc:subfield code="2">rda</marc:subfield>
      </marc:datafield>
      <marc:datafield tag="538" ind1=" " ind2=" ">
         <marc:subfield code="a">System requirements: Adobe Reader or other PDF viewer.</marc:subfield>
      </marc:datafield>
      <marc:datafield tag="588" ind1=" " ind2=" ">
         <marc:subfield code="a">Description based on online resource; title from PDF title page.</marc:subfield>
      </marc:datafield>
      <marc:datafield tag="500" ind1=" " ind2=" ">
         <marc:subfield code="a">Extent pagination is PDF page count.</marc:subfield>
      </marc:datafield>
      <marc:datafield tag="500" ind1=" " ind2=" ">
         <marc:subfield code="a">Advisory committee: Nicholas E. Bonesteel, Professor Directing Dissertation; Ettore Aldrovandi, University Representative; Laura Reina, Committee Member; Kun Yang, Committee Member; Lloyd Engel, Committee Member.</marc:subfield>
      </marc:datafield>
      <marc:datafield tag="500" ind1=" " ind2=" ">
         <marc:subfield code="a">A Dissertation submitted to the Department of Physics in partial fulfillment of the requirements for the degree of Doctor of Philosophy.</marc:subfield>
      </marc:datafield>
      <marc:datafield tag="500" ind1=" " ind2=" ">
         <marc:subfield code="a">Date of Defense: April 9, 2020</marc:subfield>
      </marc:datafield>
      <marc:datafield tag="500" ind1=" " ind2=" ">
         <marc:subfield code="a">Keywords: non-Fermi liquids, pairing instability, quantum Hall effect</marc:subfield>
      </marc:datafield>
      <marc:datafield tag="502" ind1=" " ind2=" ">
         <marc:subfield code="b">Ph.D.</marc:subfield>
         <marc:subfield code="c">Florida State University</marc:subfield>
         <marc:subfield code="d">2020.</marc:subfield>
      </marc:datafield>
      <marc:datafield tag="520" ind1="3" ind2=" ">
         <marc:subfield code="a">The Bardeen-Cooper-Schrieffer (BCS) theory of superconductivity is one of the jewels of 20th century physics. In this theory, the superconducting state of a metal is understood in terms of the formation of electron pairs which condense into a macroscopic quantum state that can carry electrical current without resistance. The theory is built upon another jewel, Landau Fermi liquid theory, which implies that even strongly interacting fermions (such as electrons in a metal) can, at low energies, behave like weakly interacting ``quasiparticles". According to BCS theory, if these quasiparticles experience an attractive force, characterized by dimensionless coupling constant $\lambda$, they will form pairs with a binding energy (or energy gap) given by $\Delta \sim \omega_0 e^{-1/\lambda}$ where $\omega_0$ is a characteristic energy scale. The fact that this binding energy depends on the inverse coupling constant $1/\lambda$ in the exponent suggests that this pairing is very sensitive to the strength of the interaction, consistent with experimental observation. The quantum Hall effect, a {\it third} 20th century jewel, occurs when a two-dimensional gas of electron is placed in a magnetic field and cooled to very low temperature. For certain field strengths the electrons can form states with an energy gap. These states then exhibit a precisely quantized Hall resistance and vanishing longitudinal resistance. For other field strengths, the system is gapless, and behaves in many ways like a metal in zero magnetic field. Much of this phenomena can be understood in terms of new particles, known as composite fermions, which consist of electrons bound to an even number of flux quanta. These new particles experience an effective magnetic field that is different than the applied field and, for the case of a composite fermion metal, this effective field is zero. There is, however, a price to be paid for this effective field. The composite fermions also experience a strongly fluctuating $U(1)$ gauge field. The bilayer composite fermion metal, i.e. two parallel composite fermion metals that interact with each other via the Coulomb repulsion, is a rich system in which all three of these jewels meet, and which has been studied both experimentally and theoretically for more than 30 years. In this system the composite fermions are predicted to experience {\it two} gauge fields, one associated with each layer. These gauge fields naturally organize themselves into in-phase and out-of-phase components. A clear prediction of the theory is that the out-of-phase fluctuations are stronger and hence should dominate the low-energy physics. One effect of these out-of-phase fluctuations is that they lead to a breakdown of Fermi liquid theory. Another is that they lead to a strong attractive interaction between composite fermions in different layers leading to the formation of interlayer pairs. Because of the singular nature of this interaction and the non-Fermi liquid nature of the system, the BCS result for pairing is no longer applicable. Instead, the binding energy of the interlayer pairs is predicted to be $\Delta \sim \omega_0 (l_0/d)^2$, where $d$ is the spacing between layers, $l_0$ is the so-called magnetic length, which is a measure of the size of the wave function of individual electrons, and $\omega_0$ is again a typical energy scale. The fact that this gap depends as a power law on $l_0/d$, which plays the role of a dimensionless coupling constant here, and not an essential singularity, as in BCS theory, suggests this pairing should be significantly more robust than conventional superconductivity. But, to date, there is no experimental evidence such a paired state of composite fermions exists in bilayer composite fermion metals at large layer spacing. The mystery of why this is one of the main motivators of this Dissertation. Here we address this question by including in our study of the bilayer not just the pairing out-of-phase fluctuations, but also the {\it pair-breaking} in-phase fluctuations. While the in-phase fluctuations are significantly less singular than the the out-of-phase fluctuations, they nonetheless can have a significant effect. We study this effect using a variety of approaches. First we carry out a renormalization group analysis and find that, while the repulsive gauge field suppresses pairing, it never leads to the destruction of the paired state. We then present numerical solutions of the full $T=0$ Eliashberg equations (coupled integral equations which can describe pairing even in systems with strong enough interactions to lead to the breakdown of Fermi liquid theory) which are broadly consistent with the renormalization group results. Finally, in the central result of the Dissertation, we link these two approaches and find an analytic solution to the Eliashberg equations (within the so-called ``local approximation", which can be used to justify the renormalization group approach) which includes both the out-of-phase pairing interaction and the in-phase pair-breaking interaction. We find that the pair-breaking fluctuations neither close the energy gap, nor change the dependence of this gap on the inverse of the layer spacing squared. Rather, the pair-breaking fluctuations lead to a strongly suppressive prefactor in the expression for the energy gap. Our approach provides, for the first time, an analytic expression for this prefactor from which it can be seen that this effect is large enough to possibly account for the fact that this paired state hasn't yet been seen in experiment.</marc:subfield>
      </marc:datafield>
      <marc:datafield tag="504" ind1=" " ind2=" ">
         <marc:subfield code="a">Includes bibliographical references.</marc:subfield>
      </marc:datafield>
      <marc:datafield tag="650" ind1=" " ind2="0">
         <marc:subfield code="a">Condensed matter</marc:subfield>
      </marc:datafield>
      <marc:datafield tag="650" ind1=" " ind2="0">
         <marc:subfield code="a">Low temperatures</marc:subfield>
      </marc:datafield>
      <marc:datafield tag="650" ind1=" " ind2="0">
         <marc:subfield code="a">Physics</marc:subfield>
      </marc:datafield>
      <marc:datafield tag="655" ind1=" " ind2="7">
         <marc:subfield code="a">Electronic Thesis or Dissertation.</marc:subfield>
         <marc:subfield code="2">dct</marc:subfield>
      </marc:datafield>
      <marc:datafield tag="690" ind1=" " ind2="7">
         <marc:subfield code="a">FSU Dissertations.</marc:subfield>
         <marc:subfield code="2">local</marc:subfield>
         <marc:subfield code="9">LOCAL</marc:subfield>
      </marc:datafield>
      <marc:datafield tag="710" ind1="2" ind2=" ">
         <marc:subfield code="a">Florida State University.</marc:subfield>
         <marc:subfield code="e">degree granting instution.</marc:subfield>
         <marc:subfield code="0">http://id.loc.gov/authorities/names/n80126238</marc:subfield>
      </marc:datafield>
      <marc:datafield tag="931" ind1="1" ind2=" ">
         <marc:subfield code="a">Bonesteel, N. E.</marc:subfield>
         <marc:subfield code="e">professor directing dissertation</marc:subfield>
         <marc:subfield code="9">LOCAL</marc:subfield>
      </marc:datafield>
      <marc:datafield tag="931" ind1="1" ind2=" ">
         <marc:subfield code="a">Aldrovandi, Ettore</marc:subfield>
         <marc:subfield code="e">university representative</marc:subfield>
         <marc:subfield code="9">LOCAL</marc:subfield>
      </marc:datafield>
      <marc:datafield tag="931" ind1="1" ind2=" ">
         <marc:subfield code="a">Reina, Laura</marc:subfield>
         <marc:subfield code="e">committee member</marc:subfield>
         <marc:subfield code="9">LOCAL</marc:subfield>
      </marc:datafield>
      <marc:datafield tag="931" ind1="1" ind2=" ">
         <marc:subfield code="a">Yang, Kun</marc:subfield>
         <marc:subfield code="d">1967-</marc:subfield>
         <marc:subfield code="e">committee member</marc:subfield>
         <marc:subfield code="9">LOCAL</marc:subfield>
      </marc:datafield>
      <marc:datafield tag="931" ind1="1" ind2=" ">
         <marc:subfield code="a">Engel, Lloyd W.</marc:subfield>
         <marc:subfield code="e">committee member</marc:subfield>
         <marc:subfield code="9">LOCAL</marc:subfield>
      </marc:datafield>
      <marc:datafield tag="932" ind1="2" ind2=" ">
         <marc:subfield code="a">Department of Physics.</marc:subfield>
         <marc:subfield code="9">LOCAL</marc:subfield>
      </marc:datafield>
      <marc:datafield tag="904" ind1=" " ind2=" ">
         <marc:subfield code="a">0</marc:subfield>
         <marc:subfield code="9">LOCAL</marc:subfield>
      </marc:datafield>
   </marc:record>