
   <marc:record>
      <marc:leader>     nam  22     Ki 4500</marc:leader>
      <marc:controlfield tag="006">m     o  d        </marc:controlfield>
      <marc:controlfield tag="007">cr |||||||||||</marc:controlfield>
      <marc:controlfield tag="008">      s2020    flu     obm   000 0  d</marc:controlfield>
      <marc:datafield tag="040" ind1=" " ind2=" ">
         <marc:subfield code="a">FDA</marc:subfield>
         <marc:subfield code="b">eng</marc:subfield>
         <marc:subfield code="e">rda</marc:subfield>
         <marc:subfield code="c">FDA</marc:subfield>
      </marc:datafield>
      <marc:datafield tag="100" ind1="1" ind2=" ">
         <marc:subfield code="a">Pineiro Ojeda, Valeria Andrea</marc:subfield>
         <marc:subfield code="e">author</marc:subfield>
      </marc:datafield>
      <marc:datafield tag="245" ind1="1" ind2="0">
         <marc:subfield code="a">Analysis of Techniques for Estimating Photovoltaic Hosting Limit in Distribution Systems</marc:subfield>
         <marc:subfield code="c">Valeria Andrea Pineiro Ojeda</marc:subfield>
      </marc:datafield>
      <marc:datafield tag="264" ind1=" " ind2="1">
         <marc:subfield code="a">Tallahassee, Florida :</marc:subfield>
         <marc:subfield code="b">Florida State University</marc:subfield>
         <marc:subfield code="c">2020</marc:subfield>
      </marc:datafield>
      <marc:datafield tag="300" ind1=" " ind2=" ">
         <marc:subfield code="a">1 online resource (124 pages)</marc:subfield>
      </marc:datafield>
      <marc:datafield tag="336" ind1=" " ind2=" ">
         <marc:subfield code="a">text</marc:subfield>
         <marc:subfield code="b">txt</marc:subfield>
         <marc:subfield code="2">rdacontent</marc:subfield>
      </marc:datafield>
      <marc:datafield tag="337" ind1=" " ind2=" ">
         <marc:subfield code="a">computer</marc:subfield>
         <marc:subfield code="b">c</marc:subfield>
         <marc:subfield code="2">rdamedia</marc:subfield>
      </marc:datafield>
      <marc:datafield tag="338" ind1=" " ind2=" ">
         <marc:subfield code="a">online resource</marc:subfield>
         <marc:subfield code="b">cr</marc:subfield>
         <marc:subfield code="2">rdacarrier</marc:subfield>
      </marc:datafield>
      <marc:datafield tag="347" ind1=" " ind2=" ">
         <marc:subfield code="a">text file</marc:subfield>
         <marc:subfield code="b">PDF</marc:subfield>
         <marc:subfield code="2">rda</marc:subfield>
      </marc:datafield>
      <marc:datafield tag="538" ind1=" " ind2=" ">
         <marc:subfield code="a">System requirements: Adobe Reader or other PDF viewer.</marc:subfield>
      </marc:datafield>
      <marc:datafield tag="588" ind1=" " ind2=" ">
         <marc:subfield code="a">Description based on online resource; title from PDF title page.</marc:subfield>
      </marc:datafield>
      <marc:datafield tag="500" ind1=" " ind2=" ">
         <marc:subfield code="a">Extent pagination is PDF page count.</marc:subfield>
      </marc:datafield>
      <marc:datafield tag="500" ind1=" " ind2=" ">
         <marc:subfield code="a">Advisory committee: Md. Omar Faruque, Professor Directing Thesis; Olugbenga Moses Anubi, Committee Member; Sastry Pamidi, Committee Member.</marc:subfield>
      </marc:datafield>
      <marc:datafield tag="500" ind1=" " ind2=" ">
         <marc:subfield code="a">A Thesis submitted to the Department of Electrical and Computer Engineering in partial fulfillment of the requirements for the degree of Master of Science.</marc:subfield>
      </marc:datafield>
      <marc:datafield tag="500" ind1=" " ind2=" ">
         <marc:subfield code="a">Date of Defense: April 7, 2020</marc:subfield>
      </marc:datafield>
      <marc:datafield tag="500" ind1=" " ind2=" ">
         <marc:subfield code="a">Keywords: Hosting Capacity, Optimization, Photovoltaic Systems, Renewable Energy, Techniques</marc:subfield>
      </marc:datafield>
      <marc:datafield tag="502" ind1=" " ind2=" ">
         <marc:subfield code="b">M.S.</marc:subfield>
         <marc:subfield code="c">Florida State University</marc:subfield>
         <marc:subfield code="d">2020.</marc:subfield>
      </marc:datafield>
      <marc:datafield tag="520" ind1="3" ind2=" ">
         <marc:subfield code="a">The global energy demand has increased significantly alongside the worldwide population in the last decade. The global energy demand has been met for years by carbon fuel-based sources, which has increased the pace of carbon dioxide (CO2) emissions. These emissions affect the environment in a significant proportion, which has led to different efforts from governments to slow down the pace of emissions. Consequently, alternative ways of generating electricity have been investigated to have more sustainable and "greener" sources destined for energy supply. One of the technologies that utilize clean energy resources and has been widely used is solar Photovoltaic (PV). Behind the fast-growing integration of this technology into distribution networks are government incentives and regulation policies, which have resulted in reduced costs for manufacturing and installations of PV systems. The PV system integration is forecasted to keep growing, but their interconnection with traditional power systems may endanger its regular operational performance. Higher levels of PV penetration might cause an adverse impact on the different components of the grid. The protection and voltage regulation devices existent on a traditional network are designed and configured to operate under a unidirectional power flow. The PV system interconnection causes a bi-directional power flow, which will affect those components. The conventional power system is propelled to transition to a more dynamic system able to operate with different renewable sources interconnected, and even allow the participation of consumers in energy market transactions. Planning is a crucial stage for utility operators in order to achieve a successful integration without endangering the electric network's reliability and safety. Each distribution network has a limit of maximum PV penetration which within, the presence of PV systems will not adversely affect the regular operation of the system and equipment throughout the feeder; this limit is known as hosting capacity (HC) or hosting limit. Research conducted by industry companies and academia focused on solar PV technology have developed planning tools and methods capable of determining the PV hosting limit. In the following thesis work three most used techniques for PV Hosting Limit estimation are studied: 1. Iterative Approach: This method is one of the most used, and it is based on performing repetitive power flows. It represents an easy method to estimate the hosting limit but has certain limitations regarding computational time and accuracy. These limitations are demonstrated with test cases. 2. Sensitivity-Based Approach: This is a mathematical approach based on the Newton-Raphson power flow approach. It is a faster estimation approach compared with others but also has limitations caused by assumptions that are not tailored to distribution systems specifically. A detailed analysis is given by testing two different distribution systems. 3. Stochastic-analysis framework: This approach provides a comprehensive solution to the PV hosting capacity since it considers different PV sizes and locations to evaluate the impact on performance criteria. It is based on simulation software to perform numerous power flow scenarios, changing the PV penetration, and location randomly. The final results show the number of violations in the voltage levels per node, and considers reverse power flow scenarios. The three approaches are tested, and a detailed analysis is provided. The hosting limit is estimated with respect to the performance of indices or criteria since multiple factors have an impact on the final hosting capacity of a distribution system. However, the voltage is the most assessed criterion because it is the first one to be reached in the presence of High PV penetration. In all described approaches, the over-voltage is the parameter that restricts the PV hosting limit estimation. After the thorough analysis of the different approaches and the identification of limitations, the work in this thesis provided an alternative method to estimate the PV hosting limit. The proposed approach is an optimization-based method, which is based on the linearization of the traditional AC power flow equations. This allows a formulation based on linear programming when only the over-voltage criterion is considered. The objective is to maximize the PV power output that can be injected into a distribution network without causing adverse effects. The hosting capacity is assessed concerning three main factors: the voltage level, thermal rating limit of distribution lines, and reverse power flow condition. The method is validated and tested with two different distribution systems and compared with other approaches. The results demonstrate that the proposed approach offers similar solutions, while providing a balanced performance concerning the accuracy and computational time efficiency.</marc:subfield>
      </marc:datafield>
      <marc:datafield tag="504" ind1=" " ind2=" ">
         <marc:subfield code="a">Includes bibliographical references.</marc:subfield>
      </marc:datafield>
      <marc:datafield tag="650" ind1=" " ind2="0">
         <marc:subfield code="a">Engineering</marc:subfield>
      </marc:datafield>
      <marc:datafield tag="655" ind1=" " ind2="7">
         <marc:subfield code="a">Electronic Thesis or Dissertation.</marc:subfield>
         <marc:subfield code="2">dct</marc:subfield>
      </marc:datafield>
      <marc:datafield tag="690" ind1=" " ind2="7">
         <marc:subfield code="a">FSU Dissertations.</marc:subfield>
         <marc:subfield code="2">local</marc:subfield>
         <marc:subfield code="9">LOCAL</marc:subfield>
      </marc:datafield>
      <marc:datafield tag="710" ind1="2" ind2=" ">
         <marc:subfield code="a">Florida State University.</marc:subfield>
         <marc:subfield code="e">degree granting instution.</marc:subfield>
         <marc:subfield code="0">http://id.loc.gov/authorities/names/n80126238</marc:subfield>
      </marc:datafield>
      <marc:datafield tag="931" ind1="1" ind2=" ">
         <marc:subfield code="a">Faruque, Md Omar</marc:subfield>
         <marc:subfield code="e">professor directing thesis</marc:subfield>
         <marc:subfield code="9">LOCAL</marc:subfield>
      </marc:datafield>
      <marc:datafield tag="931" ind1="1" ind2=" ">
         <marc:subfield code="a">Anubi, Olugbenga Moses</marc:subfield>
         <marc:subfield code="e">committee member</marc:subfield>
         <marc:subfield code="9">LOCAL</marc:subfield>
      </marc:datafield>
      <marc:datafield tag="931" ind1="1" ind2=" ">
         <marc:subfield code="a">Pamidi, Sastry V.</marc:subfield>
         <marc:subfield code="e">committee member</marc:subfield>
         <marc:subfield code="9">LOCAL</marc:subfield>
      </marc:datafield>
      <marc:datafield tag="932" ind1="2" ind2=" ">
         <marc:subfield code="a">Department of Electrical and Computer Engineering.</marc:subfield>
         <marc:subfield code="9">LOCAL</marc:subfield>
      </marc:datafield>
      <marc:datafield tag="904" ind1=" " ind2=" ">
         <marc:subfield code="a">0</marc:subfield>
         <marc:subfield code="9">LOCAL</marc:subfield>
      </marc:datafield>
   </marc:record>