
   <marc:record>
      <marc:leader>     nam  22     Ki 4500</marc:leader>
      <marc:controlfield tag="006">m     o  d        </marc:controlfield>
      <marc:controlfield tag="007">cr |||||||||||</marc:controlfield>
      <marc:controlfield tag="008">      s2020    flu     obm   000 0  d</marc:controlfield>
      <marc:datafield tag="040" ind1=" " ind2=" ">
         <marc:subfield code="a">FDA</marc:subfield>
         <marc:subfield code="b">eng</marc:subfield>
         <marc:subfield code="e">rda</marc:subfield>
         <marc:subfield code="c">FDA</marc:subfield>
      </marc:datafield>
      <marc:datafield tag="100" ind1="1" ind2=" ">
         <marc:subfield code="a">Row, Sarayu</marc:subfield>
         <marc:subfield code="e">author</marc:subfield>
      </marc:datafield>
      <marc:datafield tag="245" ind1="1" ind2="0">
         <marc:subfield code="a">Characterizing Non-Typical Epithelial Behavior :</marc:subfield>
         <marc:subfield code="b">Analysis of the Spatiotemporal Patterns of Patency, and a Study of Nonautonomous Cellular
         Compaction in Drosophila Melanogaster Follicular Epithelium</marc:subfield>
         <marc:subfield code="c">Sarayu Row</marc:subfield>
      </marc:datafield>
      <marc:datafield tag="264" ind1=" " ind2="1">
         <marc:subfield code="a">Tallahassee, Florida :</marc:subfield>
         <marc:subfield code="b">Florida State University</marc:subfield>
         <marc:subfield code="c">2020</marc:subfield>
      </marc:datafield>
      <marc:datafield tag="300" ind1=" " ind2=" ">
         <marc:subfield code="a">1 online resource (128 pages)</marc:subfield>
      </marc:datafield>
      <marc:datafield tag="336" ind1=" " ind2=" ">
         <marc:subfield code="a">text</marc:subfield>
         <marc:subfield code="b">txt</marc:subfield>
         <marc:subfield code="2">rdacontent</marc:subfield>
      </marc:datafield>
      <marc:datafield tag="337" ind1=" " ind2=" ">
         <marc:subfield code="a">computer</marc:subfield>
         <marc:subfield code="b">c</marc:subfield>
         <marc:subfield code="2">rdamedia</marc:subfield>
      </marc:datafield>
      <marc:datafield tag="338" ind1=" " ind2=" ">
         <marc:subfield code="a">online resource</marc:subfield>
         <marc:subfield code="b">cr</marc:subfield>
         <marc:subfield code="2">rdacarrier</marc:subfield>
      </marc:datafield>
      <marc:datafield tag="347" ind1=" " ind2=" ">
         <marc:subfield code="a">text file</marc:subfield>
         <marc:subfield code="b">PDF</marc:subfield>
         <marc:subfield code="2">rda</marc:subfield>
      </marc:datafield>
      <marc:datafield tag="538" ind1=" " ind2=" ">
         <marc:subfield code="a">System requirements: Adobe Reader or other PDF viewer.</marc:subfield>
      </marc:datafield>
      <marc:datafield tag="588" ind1=" " ind2=" ">
         <marc:subfield code="a">Description based on online resource; title from PDF title page.</marc:subfield>
      </marc:datafield>
      <marc:datafield tag="500" ind1=" " ind2=" ">
         <marc:subfield code="a">Extent pagination is PDF page count.</marc:subfield>
      </marc:datafield>
      <marc:datafield tag="500" ind1=" " ind2=" ">
         <marc:subfield code="a">Advisory committee: Wu-Min Deng, Professor Co-Directing Dissertation; Hank W. Bass, Professor Co-Directing Dissertation; Jamila Horabin, University Representative; Hong-Guo Yu, Committee Member; David Houle, Committee Member.</marc:subfield>
      </marc:datafield>
      <marc:datafield tag="500" ind1=" " ind2=" ">
         <marc:subfield code="a">A Dissertation submitted to the Department of Biological Science in partial fulfillment of the requirements for the degree of Doctor of Philosophy.</marc:subfield>
      </marc:datafield>
      <marc:datafield tag="500" ind1=" " ind2=" ">
         <marc:subfield code="a">Date of Defense: March 27, 2020</marc:subfield>
      </marc:datafield>
      <marc:datafield tag="500" ind1=" " ind2=" ">
         <marc:subfield code="a">Keywords: Drosophila oogenesis, Follicular epithelium, Growth regulation, Homeostasis, Oocyte lipid uptake, Patency</marc:subfield>
      </marc:datafield>
      <marc:datafield tag="502" ind1=" " ind2=" ">
         <marc:subfield code="b">Ph.D.</marc:subfield>
         <marc:subfield code="c">Florida State University</marc:subfield>
         <marc:subfield code="d">2020.</marc:subfield>
      </marc:datafield>
      <marc:datafield tag="520" ind1="3" ind2=" ">
         <marc:subfield code="a">The follicular epithelium (FE) in the Drosophila melanogaster ovary is an excellent model system to study epithelial processes and behaviors, such as cell-cell communication, cell cycle regulation, and epithelial morphogenesis. The growth and morphogenesis of the FE is closely coordinated with the oocyte via cell-cell communication, similar to how epithelial-mesenchymal interactions drive vertebrate tissue development. The FE in the genetically tractable Drosophila system is therefore an excellent model for the study of vertebrate epithelial behaviors such as growth regulation, morphogenesis, tissue homeostasis, as well as tumorigenesis and metastasis. The focus of the research here is the characterization of non-typical epithelial behaviors in the Drosophila FE using cell- and tissue-specific genetic manipulation and confocal microscopy. In the first part of this thesis, I present a detailed characterization of a novel non-typical epithelial process in the FE termed ‘patency’, characterized by the transient opening of intercellular spaces between follicle cells that could assist in the trans-epithelial transport of lipids across the FE. Images from Immunostaining and transmission electron microscopy (TEM) revealed that during mid-vitellogenesis, tricellular contacts between follicle cells open and create transient channels across the entire epithelial monolayer. I found consistent temporal and spatial patterns of patency in the Drosophila FE. I also show that the transcription factor Ttk69 restricts the temporal range of patency, and the underlying dorsal-anterior signals which use the Epithelial growth factor receptor (EGFR) and Decapentaplegic (Dpp) ligand influence the spatial pattern of patency. Together, the data from this study show that patency is a novel epithelial property in a classic model system, highlighting the use of the FE as a model to study conserved epithelial processes such as tricellular junction dynamics, and trans-epithelial transport. Development of the Drosophila FE is also controlled by growth regulatory pathways that couple nutrient availability to development and regulate cell growth. In the second part of my thesis, using the Drosophila follicle cell system, I investigated the effects of inducing differential growth in the endocycling cells. I show by mosaic analysis that induction of higher growth rate in a subset of endocycling follicle cells results in a non-autonomous response which is characterized by smaller wild-type cells of the epithelium in response to this induced differential growth. Here, we termed this non-typical epithelial response Non-autonomous Cellular Compaction (NCC), wherein the wildtype cells are reduced in size, instead of undergoing overcrowding-induced extrusion from the epithelial monolayer. The NCC cells present lower cell and nuclear volumes, as well as reduced protein synthesis rates, potentially in response to lower levels of activation of the insulin pathway. We found using FACS analysis and confocal microscopy that the DNA content in the NCC cells is not altered, indicating that the rate of endocycling is maintained. Overall, our data reveals a non-autonomous, non-typical epithelial response to differential growth involving cell size plasticity in the endocycling FE. Most mammalian tissues are highly heterogeneous in nature, and the study of non-autonomous effects such as NCC have both scientific and medical significance. Complementary to NCC, a non-autonomous increase in cell size has been previously reported in response to a local loss of tissue volume in the endocycling Drosophila FE, a process called compensatory cellular hypertrophy or CCH. A model was proposed, involving the recruitment of mechanotransducers for the increased growth of the CCH cells. In the last part of my research, I explored the roles of a mechanotransducer, No mechanoreceptor potential C (NompC), previously identified from a screen, for regulating growth of the endocycling follicle cells to generate CCH. Using mosaic analysis in the endocycling epithelium, I show that NompC does not appear to have a direct role in the growth of the epithelial cells, but affects other epithelial properties such as nuclear placement within the cells. This study reveals that the CCH response may indeed be more complex and involve multiple mechanotransducers. Overall, my research characterizes a set of non-typical epithelial behaviors in the classic Drosophila melanogaster FE model, including patency for oocyte lipid uptake, and non-autonomous cell size plasticity, NCC, in response to differential growth in the endocycling FE. This study creates a platform for further research into conserved epithelial behavior, trans-epithelial transport mechanisms, non-autonomous growth regulation, and cell size plasticity, as well as providing a broader characterization of the widely used FE model system. Together, the epithelial properties highlighted in my research now makes these non-typical epithelial behaviors accessible for genetic dissection, presenting the Drosophila FE as a model to study various vertebrate disease states that share these epithelial properties.</marc:subfield>
      </marc:datafield>
      <marc:datafield tag="504" ind1=" " ind2=" ">
         <marc:subfield code="a">Includes bibliographical references.</marc:subfield>
      </marc:datafield>
      <marc:datafield tag="506" ind1=" " ind2=" ">
         <marc:subfield code="a">This thesis/dissertation may be embargoed for a limited time. Click access link to check availability.</marc:subfield>
      </marc:datafield>
      <marc:datafield tag="650" ind1=" " ind2="0">
         <marc:subfield code="a">Developmental biology</marc:subfield>
      </marc:datafield>
      <marc:datafield tag="650" ind1=" " ind2="0">
         <marc:subfield code="a">Biology</marc:subfield>
      </marc:datafield>
      <marc:datafield tag="650" ind1=" " ind2="0">
         <marc:subfield code="a">Cytology</marc:subfield>
      </marc:datafield>
      <marc:datafield tag="655" ind1=" " ind2="7">
         <marc:subfield code="a">Electronic Thesis or Dissertation.</marc:subfield>
         <marc:subfield code="2">dct</marc:subfield>
      </marc:datafield>
      <marc:datafield tag="690" ind1=" " ind2="7">
         <marc:subfield code="a">FSU Dissertations.</marc:subfield>
         <marc:subfield code="2">local</marc:subfield>
         <marc:subfield code="9">LOCAL</marc:subfield>
      </marc:datafield>
      <marc:datafield tag="710" ind1="2" ind2=" ">
         <marc:subfield code="a">Florida State University.</marc:subfield>
         <marc:subfield code="e">degree granting instution.</marc:subfield>
         <marc:subfield code="0">http://id.loc.gov/authorities/names/n80126238</marc:subfield>
      </marc:datafield>
      <marc:datafield tag="931" ind1="1" ind2=" ">
         <marc:subfield code="a">Deng, Wu-Min</marc:subfield>
         <marc:subfield code="e">professor co-directing dissertation</marc:subfield>
         <marc:subfield code="9">LOCAL</marc:subfield>
      </marc:datafield>
      <marc:datafield tag="931" ind1="1" ind2=" ">
         <marc:subfield code="a">Bass, Hank W.</marc:subfield>
         <marc:subfield code="e">professor co-directing dissertation</marc:subfield>
         <marc:subfield code="9">LOCAL</marc:subfield>
      </marc:datafield>
      <marc:datafield tag="931" ind1="1" ind2=" ">
         <marc:subfield code="a">Horabin, Jamila I.</marc:subfield>
         <marc:subfield code="e">university representative</marc:subfield>
         <marc:subfield code="9">LOCAL</marc:subfield>
      </marc:datafield>
      <marc:datafield tag="931" ind1="1" ind2=" ">
         <marc:subfield code="a">Yu, Hong-Guo</marc:subfield>
         <marc:subfield code="e">committee member</marc:subfield>
         <marc:subfield code="9">LOCAL</marc:subfield>
      </marc:datafield>
      <marc:datafield tag="931" ind1="1" ind2=" ">
         <marc:subfield code="a">Houle, David</marc:subfield>
         <marc:subfield code="e">committee member</marc:subfield>
         <marc:subfield code="9">LOCAL</marc:subfield>
      </marc:datafield>
      <marc:datafield tag="932" ind1="2" ind2=" ">
         <marc:subfield code="a">Department of Biological Sciences.</marc:subfield>
         <marc:subfield code="9">LOCAL</marc:subfield>
      </marc:datafield>
      <marc:datafield tag="904" ind1=" " ind2=" ">
         <marc:subfield code="a">4</marc:subfield>
         <marc:subfield code="9">LOCAL</marc:subfield>
      </marc:datafield>
   </marc:record>