
   <marc:record>
      <marc:leader>     nam  22     Ki 4500</marc:leader>
      <marc:controlfield tag="006">m     o  d        </marc:controlfield>
      <marc:controlfield tag="007">cr |||||||||||</marc:controlfield>
      <marc:controlfield tag="008">      s2020    flu     obm   000 0  d</marc:controlfield>
      <marc:datafield tag="040" ind1=" " ind2=" ">
         <marc:subfield code="a">FDA</marc:subfield>
         <marc:subfield code="b">eng</marc:subfield>
         <marc:subfield code="e">rda</marc:subfield>
         <marc:subfield code="c">FDA</marc:subfield>
      </marc:datafield>
      <marc:datafield tag="100" ind1="1" ind2=" ">
         <marc:subfield code="a">Ruhazwe, Evarist</marc:subfield>
         <marc:subfield code="e">author</marc:subfield>
      </marc:datafield>
      <marc:datafield tag="245" ind1="1" ind2="0">
         <marc:subfield code="a">Application of Computer Vision Techniques to Roundabouts' Gap Acceptance Parameters Determination</marc:subfield>
         <marc:subfield code="c">Evarist Ruhazwe</marc:subfield>
      </marc:datafield>
      <marc:datafield tag="264" ind1=" " ind2="1">
         <marc:subfield code="a">Tallahassee, Florida :</marc:subfield>
         <marc:subfield code="b">Florida State University</marc:subfield>
         <marc:subfield code="c">2020</marc:subfield>
      </marc:datafield>
      <marc:datafield tag="300" ind1=" " ind2=" ">
         <marc:subfield code="a">1 online resource (113 pages)</marc:subfield>
      </marc:datafield>
      <marc:datafield tag="336" ind1=" " ind2=" ">
         <marc:subfield code="a">text</marc:subfield>
         <marc:subfield code="b">txt</marc:subfield>
         <marc:subfield code="2">rdacontent</marc:subfield>
      </marc:datafield>
      <marc:datafield tag="337" ind1=" " ind2=" ">
         <marc:subfield code="a">computer</marc:subfield>
         <marc:subfield code="b">c</marc:subfield>
         <marc:subfield code="2">rdamedia</marc:subfield>
      </marc:datafield>
      <marc:datafield tag="338" ind1=" " ind2=" ">
         <marc:subfield code="a">online resource</marc:subfield>
         <marc:subfield code="b">cr</marc:subfield>
         <marc:subfield code="2">rdacarrier</marc:subfield>
      </marc:datafield>
      <marc:datafield tag="347" ind1=" " ind2=" ">
         <marc:subfield code="a">text file</marc:subfield>
         <marc:subfield code="b">PDF</marc:subfield>
         <marc:subfield code="2">rda</marc:subfield>
      </marc:datafield>
      <marc:datafield tag="538" ind1=" " ind2=" ">
         <marc:subfield code="a">System requirements: Adobe Reader or other PDF viewer.</marc:subfield>
      </marc:datafield>
      <marc:datafield tag="588" ind1=" " ind2=" ">
         <marc:subfield code="a">Description based on online resource; title from PDF title page.</marc:subfield>
      </marc:datafield>
      <marc:datafield tag="500" ind1=" " ind2=" ">
         <marc:subfield code="a">Extent pagination is PDF page count.</marc:subfield>
      </marc:datafield>
      <marc:datafield tag="500" ind1=" " ind2=" ">
         <marc:subfield code="a">Advisory committee: Ren Moses, Professor Directing Dissertation; Adrian Barbu, University Representative; Eren Erman Ozguven, Committee Member; Maxim Dulebenets, Committee Member.</marc:subfield>
      </marc:datafield>
      <marc:datafield tag="500" ind1=" " ind2=" ">
         <marc:subfield code="a">A Dissertation submitted to the Department of Civil and Environmental Engineering in partial fulfillment of the requirements for the degree of Doctor of Philosophy.</marc:subfield>
      </marc:datafield>
      <marc:datafield tag="500" ind1=" " ind2=" ">
         <marc:subfield code="a">Date of Defense: March 31, 2020</marc:subfield>
      </marc:datafield>
      <marc:datafield tag="500" ind1=" " ind2=" ">
         <marc:subfield code="a">Keywords: Accepted Gap, Computer Vision, Deep Learning, Gap Acceptance, Rejected Gap, Vehicle Detection</marc:subfield>
      </marc:datafield>
      <marc:datafield tag="502" ind1=" " ind2=" ">
         <marc:subfield code="b">Ph.D.</marc:subfield>
         <marc:subfield code="c">Florida State University</marc:subfield>
         <marc:subfield code="d">2020.</marc:subfield>
      </marc:datafield>
      <marc:datafield tag="520" ind1="3" ind2=" ">
         <marc:subfield code="a">Recently in the United States, there has been an increasing pace of roundabouts installation. Following that, several studies are being conducted to ensure safe and efficient roundabout operation. To study roundabout’s operational efficiency, data on traffic activity at the roundabouts have to be collected and analyzed. Most of the data has been collected by recording videos at the intersection, extract events from the video and analyze the information from the videos. Capacity determination has followed similar procedures since it requires determination of accepted gaps, rejected gaps and follow-up times. The manual approach to capacity determination, has been both time consuming and prone to human errors. On the other hand, computer vision techniques has widely been used in many fields including transportation Engineering. In transportation, the techniques have been used to count vehicles, detect congestion and incidents, and in speed-related studies. With this growing application in Transportation Engineering, it is important to extend the applications to roundabouts’ capacity determination. This study aimed at developing an algorithm, which would use the deep learning models to determine the roundabouts’ capacity. Along with this main objective, the study focused on three goals. Firstly, the study aimed at determining which object detection model among the known existing models would be more efficient for the algorithm. Secondly, examined the applicability of such algorithm under different traffic, geometric as well as environmental characteristics. Different videos with varying attributes like poor background illumination, higher percentage of heavy vehicles and roundabout with narrow splitter island were used. Finally, the study used videos recorded at different camera height under the same conditions at the same time, to study which camera height is more suitable to adopt when conducting data collection and analysis at roundabouts. The camera height is worth studying since occlusion is more pronounced to videos recorded at lower altitudes and poor vehicle detections may be noticeable to videos recorded at upper height since most of the pre-trained models uses images of vehicles taken at lower height. From the results obtained, Faster-RCNN ResNet101 model produced better estimates of the gap-acceptance parameters than other object detection models and was considered more suitable for detecting vehicles at roundabouts. These observations led to the conclusion that, the Faster-RCNN ResNet101 model is more appropriate as an object detection model for the accepted gaps. The model was therefore adopted as the object detection model of the developed algorithm and used for the rest of the analysis. In addition, the test for robustness showed that the algorithm generated significantly similar observations of accepted and rejected gaps to the ground-truth values. On the other hand, the algorithm generated significantly dissimilar follow-up time observations to the ground truth. Due to these results, it was reasonable to consider the algorithm as robust when determining the accepted and rejected gaps under different traffic as well as environmental conditions. However, since the results did not favor the algorithm when determining the follow-up time, the reasonable conclusion was that the algorithm needs more improvement to significantly determine this parameter. The study of the videos recorded at different camera height revealed that when the algorithm was used for the lower height video, only the accepted gap observations showed significant similarity to the ground truth. On the contrary, when the algorithm was used to the video at lower altitude, only the rejected gaps showed significant similarity to the ground truth. This observation suggest that somewhere along the middle there is an optimum camera location that could bring better results for both accepted and rejected gaps. Such height will have an advantage of avoiding vehicle occlusion without jeopardizing the detection quality. Therefore, the study suggest further studies using the camera at different heights to determine the optimum camera height when the pre-trained object detection models are used. On the other hand, since higher altitude camera position is preferred to avoid occlusion, the study advise to train the detection models using images captured by a camera at a higher altitude to improve the quality of results. Finally yet importantly, different object detection models could be tested under different scenarios to determine which models performs better under which conditions. With this approach, a more robust algorithm could be obtained that uses different detection models under different conditions.</marc:subfield>
      </marc:datafield>
      <marc:datafield tag="504" ind1=" " ind2=" ">
         <marc:subfield code="a">Includes bibliographical references.</marc:subfield>
      </marc:datafield>
      <marc:datafield tag="506" ind1=" " ind2=" ">
         <marc:subfield code="a">This thesis/dissertation may be embargoed for a limited time. Click access link to check availability.</marc:subfield>
      </marc:datafield>
      <marc:datafield tag="650" ind1=" " ind2="0">
         <marc:subfield code="a">Civil engineering</marc:subfield>
      </marc:datafield>
      <marc:datafield tag="650" ind1=" " ind2="0">
         <marc:subfield code="a">Transportation</marc:subfield>
         <marc:subfield code="x">Planning</marc:subfield>
      </marc:datafield>
      <marc:datafield tag="655" ind1=" " ind2="7">
         <marc:subfield code="a">Electronic Thesis or Dissertation.</marc:subfield>
         <marc:subfield code="2">dct</marc:subfield>
      </marc:datafield>
      <marc:datafield tag="690" ind1=" " ind2="7">
         <marc:subfield code="a">FSU Dissertations.</marc:subfield>
         <marc:subfield code="2">local</marc:subfield>
         <marc:subfield code="9">LOCAL</marc:subfield>
      </marc:datafield>
      <marc:datafield tag="710" ind1="2" ind2=" ">
         <marc:subfield code="a">Florida State University.</marc:subfield>
         <marc:subfield code="e">degree granting instution.</marc:subfield>
         <marc:subfield code="0">http://id.loc.gov/authorities/names/n80126238</marc:subfield>
      </marc:datafield>
      <marc:datafield tag="931" ind1="1" ind2=" ">
         <marc:subfield code="a">Moses, Ren</marc:subfield>
         <marc:subfield code="e">professor directing dissertation</marc:subfield>
         <marc:subfield code="9">LOCAL</marc:subfield>
      </marc:datafield>
      <marc:datafield tag="931" ind1="1" ind2=" ">
         <marc:subfield code="a">Barbu, Adrian G.</marc:subfield>
         <marc:subfield code="d">1971-</marc:subfield>
         <marc:subfield code="e">university representative</marc:subfield>
         <marc:subfield code="9">LOCAL</marc:subfield>
      </marc:datafield>
      <marc:datafield tag="931" ind1="1" ind2=" ">
         <marc:subfield code="a">Ozguven, Eren Erman</marc:subfield>
         <marc:subfield code="e">committee member</marc:subfield>
         <marc:subfield code="9">LOCAL</marc:subfield>
      </marc:datafield>
      <marc:datafield tag="931" ind1="1" ind2=" ">
         <marc:subfield code="a">Dulebenets, Maxim A.</marc:subfield>
         <marc:subfield code="e">committee member</marc:subfield>
         <marc:subfield code="9">LOCAL</marc:subfield>
      </marc:datafield>
      <marc:datafield tag="932" ind1="2" ind2=" ">
         <marc:subfield code="a">Department of Civil and Environmental Engineering.</marc:subfield>
         <marc:subfield code="9">LOCAL</marc:subfield>
      </marc:datafield>
      <marc:datafield tag="904" ind1=" " ind2=" ">
         <marc:subfield code="a">4</marc:subfield>
         <marc:subfield code="9">LOCAL</marc:subfield>
      </marc:datafield>
   </marc:record>