
   <marc:record>
      <marc:leader>     nam  22     Ki 4500</marc:leader>
      <marc:controlfield tag="006">m     o  d        </marc:controlfield>
      <marc:controlfield tag="007">cr |||||||||||</marc:controlfield>
      <marc:controlfield tag="008">      s2020    flu     obm   000 0  d</marc:controlfield>
      <marc:datafield tag="040" ind1=" " ind2=" ">
         <marc:subfield code="a">FDA</marc:subfield>
         <marc:subfield code="b">eng</marc:subfield>
         <marc:subfield code="e">rda</marc:subfield>
         <marc:subfield code="c">FDA</marc:subfield>
      </marc:datafield>
      <marc:datafield tag="100" ind1="1" ind2=" ">
         <marc:subfield code="a">Rytov, Kyllikki</marc:subfield>
         <marc:subfield code="e">author</marc:subfield>
      </marc:datafield>
      <marc:datafield tag="245" ind1="1" ind2="0">
         <marc:subfield code="a">iRhetoric :</marc:subfield>
         <marc:subfield code="b">Classical Rhetoric in Digital Multimodal Compositions</marc:subfield>
         <marc:subfield code="c">Kyllikki Rytov</marc:subfield>
      </marc:datafield>
      <marc:datafield tag="264" ind1=" " ind2="1">
         <marc:subfield code="a">Tallahassee, Florida :</marc:subfield>
         <marc:subfield code="b">Florida State University</marc:subfield>
         <marc:subfield code="c">2020</marc:subfield>
      </marc:datafield>
      <marc:datafield tag="300" ind1=" " ind2=" ">
         <marc:subfield code="a">1 online resource (180 pages)</marc:subfield>
      </marc:datafield>
      <marc:datafield tag="336" ind1=" " ind2=" ">
         <marc:subfield code="a">text</marc:subfield>
         <marc:subfield code="b">txt</marc:subfield>
         <marc:subfield code="2">rdacontent</marc:subfield>
      </marc:datafield>
      <marc:datafield tag="337" ind1=" " ind2=" ">
         <marc:subfield code="a">computer</marc:subfield>
         <marc:subfield code="b">c</marc:subfield>
         <marc:subfield code="2">rdamedia</marc:subfield>
      </marc:datafield>
      <marc:datafield tag="338" ind1=" " ind2=" ">
         <marc:subfield code="a">online resource</marc:subfield>
         <marc:subfield code="b">cr</marc:subfield>
         <marc:subfield code="2">rdacarrier</marc:subfield>
      </marc:datafield>
      <marc:datafield tag="347" ind1=" " ind2=" ">
         <marc:subfield code="a">text file</marc:subfield>
         <marc:subfield code="b">PDF</marc:subfield>
         <marc:subfield code="2">rda</marc:subfield>
      </marc:datafield>
      <marc:datafield tag="538" ind1=" " ind2=" ">
         <marc:subfield code="a">System requirements: Adobe Reader or other PDF viewer.</marc:subfield>
      </marc:datafield>
      <marc:datafield tag="588" ind1=" " ind2=" ">
         <marc:subfield code="a">Description based on online resource; title from PDF title page.</marc:subfield>
      </marc:datafield>
      <marc:datafield tag="500" ind1=" " ind2=" ">
         <marc:subfield code="a">Extent pagination is PDF page count.</marc:subfield>
      </marc:datafield>
      <marc:datafield tag="500" ind1=" " ind2=" ">
         <marc:subfield code="a">Advisory committee: Kristie S. Fleckenstein, Professor Directing Dissertation; Davis W. Houck, University Representative; Kathleen Blake Yancey, Committee Member; Michael Neal, Committee Member.</marc:subfield>
      </marc:datafield>
      <marc:datafield tag="500" ind1=" " ind2=" ">
         <marc:subfield code="a">A Dissertation submitted to the Department of English in partial fulfillment of the requirements for the degree of Doctor of Philosophy.</marc:subfield>
      </marc:datafield>
      <marc:datafield tag="500" ind1=" " ind2=" ">
         <marc:subfield code="a">Date of Defense: March 23, 2020</marc:subfield>
      </marc:datafield>
      <marc:datafield tag="500" ind1=" " ind2=" ">
         <marc:subfield code="a">Keywords: classical rhetoric, composition, digital, digital rhetoric, multimodal, pedagogy</marc:subfield>
      </marc:datafield>
      <marc:datafield tag="502" ind1=" " ind2=" ">
         <marc:subfield code="b">Ph.D.</marc:subfield>
         <marc:subfield code="c">Florida State University</marc:subfield>
         <marc:subfield code="d">2020.</marc:subfield>
      </marc:datafield>
      <marc:datafield tag="520" ind1="3" ind2=" ">
         <marc:subfield code="a">While this dissertation was designed to respond to an exigence in scholarship attending to whether students composing texts that are digital and multimodal are influenced in their decisions by classical rhetorical concepts, it was also shaped by a timely if provocative message shared on the professional listserv for writing program administration to which many in the field of rhetoric and composition subscribe. The contention in the message was that the classical rhetoric commonly taught in schools, including on the college level, does not seem to be helping students develop as writers. Thus, to investigate the potential role that classical concepts have on students composing digital multimodal texts, I articulated the following research questions: 1) Which, if any, classical rhetorical concepts play a role in students’ decisions as they design, draft, and deliver a digital multimodal text? 2) When, where, and how do these concepts affect students’ decisions in their composition processes? In other words, how and to what ends are these concepts used? 3) Are these concepts, if employed by students, used explicitly in decision-making processes? 4) If, and when, these concepts are employed, are they embraced in their traditional configuration, repurposed, or shaped into a combination of both? How, and to what ends? To answer these questions, I employed a case study methodology: working with three participants, I followed each across the arc of a digital multimodal project, from before its formal introduction in class to after submission of the final draft. I conducted four interviews with each participant, and, after the course had concluded, I followed up with a brief questionnaire to clarify participants’ prior instruction in classical rhetoric. In analyzing my data, I employed two methods: first, grounded theory as an inductive means of discerning how and where classical rhetoric seemed at work as students made decisions; and second, after completing the grounded theory coding, a deductive coding scheme that applied fifteen classical concepts to the data. My findings, in light of my research questions, suggest four prevalent patterns in the relationship between classical rhetoric concepts and how students understand and utilize them in composing digital multimodal texts. First, participants largely engaged classical concepts implicitly, seeming to employ them intuitively, which suggests the significance of a rhetorical attitude, or unconscious, embodied beliefs that predispose a student to act rhetorically even if they’re not articulating rhetorical terminology to themselves. Second, classical concepts are porous and malleable, which lent themselves to being taken up so implicitly by participants, with students often pulling on more than one concept at a time. Third, implicit use of classical concepts by participants points to rhetorical agency, where participants made decisions in light of the project expectations, but also in answer to their own desires and goals, such that participants’ decisions resembled the strategies embraced in do-it-yourself (DIY) rhetorics. Last, imitatio emerged as a classical concept implicitly recurring across the cases, gesturing to the potential for other classical concepts to be present, if repurposed and not traditionally recognizable, as well. Thus, while evidence of explicit reliance on rhetorical concepts was meager, evidence of implicit reliance on rhetorical concepts, which had become mortised into participants’ composing processes, was rich and provocative.</marc:subfield>
      </marc:datafield>
      <marc:datafield tag="504" ind1=" " ind2=" ">
         <marc:subfield code="a">Includes bibliographical references.</marc:subfield>
      </marc:datafield>
      <marc:datafield tag="650" ind1=" " ind2="0">
         <marc:subfield code="a">Rhetoric</marc:subfield>
      </marc:datafield>
      <marc:datafield tag="650" ind1=" " ind2="0">
         <marc:subfield code="a">Communication</marc:subfield>
      </marc:datafield>
      <marc:datafield tag="655" ind1=" " ind2="7">
         <marc:subfield code="a">Electronic Thesis or Dissertation.</marc:subfield>
         <marc:subfield code="2">dct</marc:subfield>
      </marc:datafield>
      <marc:datafield tag="690" ind1=" " ind2="7">
         <marc:subfield code="a">FSU Dissertations.</marc:subfield>
         <marc:subfield code="2">local</marc:subfield>
         <marc:subfield code="9">LOCAL</marc:subfield>
      </marc:datafield>
      <marc:datafield tag="710" ind1="2" ind2=" ">
         <marc:subfield code="a">Florida State University.</marc:subfield>
         <marc:subfield code="e">degree granting instution.</marc:subfield>
         <marc:subfield code="0">http://id.loc.gov/authorities/names/n80126238</marc:subfield>
      </marc:datafield>
      <marc:datafield tag="931" ind1="1" ind2=" ">
         <marc:subfield code="a">Fleckenstein, Kristie S.</marc:subfield>
         <marc:subfield code="e">professor directing dissertation</marc:subfield>
         <marc:subfield code="9">LOCAL</marc:subfield>
      </marc:datafield>
      <marc:datafield tag="931" ind1="1" ind2=" ">
         <marc:subfield code="a">Houck, Davis W.</marc:subfield>
         <marc:subfield code="e">university representative</marc:subfield>
         <marc:subfield code="9">LOCAL</marc:subfield>
      </marc:datafield>
      <marc:datafield tag="931" ind1="1" ind2=" ">
         <marc:subfield code="a">Yancey, Kathleen Blake</marc:subfield>
         <marc:subfield code="d">1950-</marc:subfield>
         <marc:subfield code="e">committee member</marc:subfield>
         <marc:subfield code="9">LOCAL</marc:subfield>
      </marc:datafield>
      <marc:datafield tag="931" ind1="1" ind2=" ">
         <marc:subfield code="a">Neal, Michael R.</marc:subfield>
         <marc:subfield code="e">committee member</marc:subfield>
         <marc:subfield code="9">LOCAL</marc:subfield>
      </marc:datafield>
      <marc:datafield tag="932" ind1="2" ind2=" ">
         <marc:subfield code="a">Department of English.</marc:subfield>
         <marc:subfield code="9">LOCAL</marc:subfield>
      </marc:datafield>
      <marc:datafield tag="904" ind1=" " ind2=" ">
         <marc:subfield code="a">0</marc:subfield>
         <marc:subfield code="9">LOCAL</marc:subfield>
      </marc:datafield>
   </marc:record>