
   <marc:record>
      <marc:leader>     nam  22     Ki 4500</marc:leader>
      <marc:controlfield tag="006">m     o  d        </marc:controlfield>
      <marc:controlfield tag="007">cr |||||||||||</marc:controlfield>
      <marc:controlfield tag="008">      s2020    flu     obm   000 0  d</marc:controlfield>
      <marc:datafield tag="040" ind1=" " ind2=" ">
         <marc:subfield code="a">FDA</marc:subfield>
         <marc:subfield code="b">eng</marc:subfield>
         <marc:subfield code="e">rda</marc:subfield>
         <marc:subfield code="c">FDA</marc:subfield>
      </marc:datafield>
      <marc:datafield tag="100" ind1="1" ind2=" ">
         <marc:subfield code="a">Saracino, Patrick George</marc:subfield>
         <marc:subfield code="e">author</marc:subfield>
      </marc:datafield>
      <marc:datafield tag="245" ind1="1" ind2="4">
         <marc:subfield code="a">The Effects of Pre-Sleep Dairy-or Plant-Based Protein Consumption on Muscle Recovery Following Morning Eccentric Exercise in Middle-Aged
         Men</marc:subfield>
         <marc:subfield code="c">Patrick George Saracino</marc:subfield>
      </marc:datafield>
      <marc:datafield tag="264" ind1=" " ind2="1">
         <marc:subfield code="a">Tallahassee, Florida :</marc:subfield>
         <marc:subfield code="b">Florida State University</marc:subfield>
         <marc:subfield code="c">2020</marc:subfield>
      </marc:datafield>
      <marc:datafield tag="300" ind1=" " ind2=" ">
         <marc:subfield code="a">1 online resource (106 pages)</marc:subfield>
      </marc:datafield>
      <marc:datafield tag="336" ind1=" " ind2=" ">
         <marc:subfield code="a">text</marc:subfield>
         <marc:subfield code="b">txt</marc:subfield>
         <marc:subfield code="2">rdacontent</marc:subfield>
      </marc:datafield>
      <marc:datafield tag="337" ind1=" " ind2=" ">
         <marc:subfield code="a">computer</marc:subfield>
         <marc:subfield code="b">c</marc:subfield>
         <marc:subfield code="2">rdamedia</marc:subfield>
      </marc:datafield>
      <marc:datafield tag="338" ind1=" " ind2=" ">
         <marc:subfield code="a">online resource</marc:subfield>
         <marc:subfield code="b">cr</marc:subfield>
         <marc:subfield code="2">rdacarrier</marc:subfield>
      </marc:datafield>
      <marc:datafield tag="347" ind1=" " ind2=" ">
         <marc:subfield code="a">text file</marc:subfield>
         <marc:subfield code="b">PDF</marc:subfield>
         <marc:subfield code="2">rda</marc:subfield>
      </marc:datafield>
      <marc:datafield tag="538" ind1=" " ind2=" ">
         <marc:subfield code="a">System requirements: Adobe Reader or other PDF viewer.</marc:subfield>
      </marc:datafield>
      <marc:datafield tag="588" ind1=" " ind2=" ">
         <marc:subfield code="a">Description based on online resource; title from PDF title page.</marc:subfield>
      </marc:datafield>
      <marc:datafield tag="500" ind1=" " ind2=" ">
         <marc:subfield code="a">Extent pagination is PDF page count.</marc:subfield>
      </marc:datafield>
      <marc:datafield tag="500" ind1=" " ind2=" ">
         <marc:subfield code="a">Advisory committee: Michael J. Ormsbee, Professor Directing Dissertation; P. Bryant Chase, University Representative; Jeong-Su Kim, Committee Member; Robert C. Hickner, Committee Member.</marc:subfield>
      </marc:datafield>
      <marc:datafield tag="500" ind1=" " ind2=" ">
         <marc:subfield code="a">A Dissertation submitted to the Department of Nutrition, Food and Exercise Sciences in partial fulfillment of the requirements for the degree of Doctor of Philosophy.</marc:subfield>
      </marc:datafield>
      <marc:datafield tag="500" ind1=" " ind2=" ">
         <marc:subfield code="a">Date of Defense: March 2, 2020</marc:subfield>
      </marc:datafield>
      <marc:datafield tag="500" ind1=" " ind2=" ">
         <marc:subfield code="a">Keywords: dairy, exercise, muscle recovery, plant-based, pre-sleep, protein</marc:subfield>
      </marc:datafield>
      <marc:datafield tag="502" ind1=" " ind2=" ">
         <marc:subfield code="b">Ph.D.</marc:subfield>
         <marc:subfield code="c">Florida State University</marc:subfield>
         <marc:subfield code="d">2020.</marc:subfield>
      </marc:datafield>
      <marc:datafield tag="520" ind1="3" ind2=" ">
         <marc:subfield code="a">Pre-sleep protein has been shown to improve overnight muscle protein synthesis, muscle size and strength, and muscle recovery. However, all pre-sleep protein studies to date have utilized dairy-based protein sources. There is currently a large interest in alternative protein sources, such as plant-based protein. Yet, there is no evidence regarding the efficacy of plant-based proteins consumed pre-sleep. PURPOSE: Therefore, the purpose of this study was to compare animal-based vs. plant-based pre-sleep protein on muscle recovery as measured by blood markers of muscle damage and inflammation, metabolism, and muscle function. METHODS: Twenty-seven males performed a bout of eccentric exercise (ECC) for the knee extensors (ext) and flexors (flex) in the morning, then consumed 40 g of either whey hydrolysate (WH, n = 9), whey isolate (WI, n = 6), rice and pea combination (RP, n = 6), or placebo (PL, n = 6) 30 min pre-sleep. The ECC protocol consisted of 5 sets of 15 repetitions of maximal eccentric voluntary contractions for ext and flex of each leg, respectively. Catered meals (15% PRO, 55% CHO, 30% Fat) were provided to participants two days pre-ECC, the day of ECC, and the following two days during follow-up testing to standardized nutrition. Plasma creatine kinase (CK), interleukin-6 (IL-6), interleukin-10 (IL-10), and C-reactive protein (CRP) was measure at pre, post, +4, +6, +24, +48, and +72-hrs post-ECC. Isometric and isokinetic maximal voluntary contraction (ISOM and ISOK, respectively) was measured at pre, post, +24, +48, and +72-hrs post-ECC. Subjective muscle soreness, thigh circumference, and HOMA-IR was measured at pre, +24, +48, and +72-hrs post-ECC. RESULTS: CK increased at +4-hrs post-ECC and remained elevated at all time points compared to baseline (n = 25, p &lt; 0.001) and was significantly greater at +72-hrs compared to all other time points (p &lt; 0.001). IL-6 increased at +6-hrs (n = 25, p = 0.002) with no other time differing from baseline. CRP increased immediately post-ECC (n = 25, p = 0.035) with no other time differing from baseline. There were no group x time interactions for any blood marker. ISOMext was reduced after ECC (p = 0.001) and remained reduced until returning to baseline at +72 hrs. ISOMflex was reduced after ECC and remained reduced at +72-hrs (p &lt; 0.001). ISOK60ext and ISOK60flex were reduced after ECC and remained reduced at +72-hrs (p &lt; 0.001). ISOK180ext and ISOK180flex were reduced after ECC and remained reduced at +72-hrs (p &lt; 0.05). ISOK300ext was reduced after ECC (p &lt; 0.05) and remained reduced until returning to baseline at +72 hrs. ISOK300flex was reduced at +24-hrs and remained reduced at +72-hrs (p &lt; 0.05). There were no group x time interactions for any muscle function marker. Muscle soreness increased post-ECC (p &lt; 0.001) and did not return to baseline. There were no group x time interactions for muscle soreness. Thigh circumference (p = 0.456) and HOMA-IR (p = 0.396) did not change post-ECC. IL-10 concentrations were below the valid detectable limits of the assay used, thus were not included in the analyses. CONCLUSIONS: These data suggest that middle-aged men consuming 1.08 ± 0.02 g/kg/day PRO did not recover well from damaging exercise at +72-hrs and that pre-sleep protein, regardless of source, did not aid in muscle recovery when damaging exercise was performed in the morning. PRACTICAL APPLICATION: Individuals should consume a sufficient bolus of high-quality protein in close proximity to their exercise session, whenever that session may be. Further, pre-sleep protein consumption can be utilized to consume enough protein throughout the day.</marc:subfield>
      </marc:datafield>
      <marc:datafield tag="504" ind1=" " ind2=" ">
         <marc:subfield code="a">Includes bibliographical references.</marc:subfield>
      </marc:datafield>
      <marc:datafield tag="650" ind1=" " ind2="0">
         <marc:subfield code="a">Physiology</marc:subfield>
      </marc:datafield>
      <marc:datafield tag="650" ind1=" " ind2="0">
         <marc:subfield code="a">Nutrition</marc:subfield>
      </marc:datafield>
      <marc:datafield tag="655" ind1=" " ind2="7">
         <marc:subfield code="a">Electronic Thesis or Dissertation.</marc:subfield>
         <marc:subfield code="2">dct</marc:subfield>
      </marc:datafield>
      <marc:datafield tag="690" ind1=" " ind2="7">
         <marc:subfield code="a">FSU Dissertations.</marc:subfield>
         <marc:subfield code="2">local</marc:subfield>
         <marc:subfield code="9">LOCAL</marc:subfield>
      </marc:datafield>
      <marc:datafield tag="710" ind1="2" ind2=" ">
         <marc:subfield code="a">Florida State University.</marc:subfield>
         <marc:subfield code="e">degree granting instution.</marc:subfield>
         <marc:subfield code="0">http://id.loc.gov/authorities/names/n80126238</marc:subfield>
      </marc:datafield>
      <marc:datafield tag="931" ind1="1" ind2=" ">
         <marc:subfield code="a">Ormsbee, Michael J.</marc:subfield>
         <marc:subfield code="e">professor directing dissertation</marc:subfield>
         <marc:subfield code="9">LOCAL</marc:subfield>
      </marc:datafield>
      <marc:datafield tag="931" ind1="1" ind2=" ">
         <marc:subfield code="a">Chase, P. Bryant</marc:subfield>
         <marc:subfield code="e">university representative</marc:subfield>
         <marc:subfield code="9">LOCAL</marc:subfield>
      </marc:datafield>
      <marc:datafield tag="931" ind1="1" ind2=" ">
         <marc:subfield code="a">Kim, Jeong-Su</marc:subfield>
         <marc:subfield code="e">committee member</marc:subfield>
         <marc:subfield code="9">LOCAL</marc:subfield>
      </marc:datafield>
      <marc:datafield tag="931" ind1="1" ind2=" ">
         <marc:subfield code="a">Hickner, Robert C.</marc:subfield>
         <marc:subfield code="d">1962-</marc:subfield>
         <marc:subfield code="e">committee member</marc:subfield>
         <marc:subfield code="9">LOCAL</marc:subfield>
      </marc:datafield>
      <marc:datafield tag="932" ind1="2" ind2=" ">
         <marc:subfield code="a">Department of Nutrition, Food and Exercise Sciences.</marc:subfield>
         <marc:subfield code="9">LOCAL</marc:subfield>
      </marc:datafield>
      <marc:datafield tag="904" ind1=" " ind2=" ">
         <marc:subfield code="a">0</marc:subfield>
         <marc:subfield code="9">LOCAL</marc:subfield>
      </marc:datafield>
   </marc:record>