
   <marc:record>
      <marc:leader>     nam  22     Ki 4500</marc:leader>
      <marc:controlfield tag="006">m     o  d        </marc:controlfield>
      <marc:controlfield tag="007">cr |||||||||||</marc:controlfield>
      <marc:controlfield tag="008">      s2020    flu     obm   000 0  d</marc:controlfield>
      <marc:datafield tag="040" ind1=" " ind2=" ">
         <marc:subfield code="a">FDA</marc:subfield>
         <marc:subfield code="b">eng</marc:subfield>
         <marc:subfield code="e">rda</marc:subfield>
         <marc:subfield code="c">FDA</marc:subfield>
      </marc:datafield>
      <marc:datafield tag="100" ind1="1" ind2=" ">
         <marc:subfield code="a">Seyedi, MohammadReza</marc:subfield>
         <marc:subfield code="e">author</marc:subfield>
      </marc:datafield>
      <marc:datafield tag="245" ind1="1" ind2="0">
         <marc:subfield code="a">Structural Performance and Occupant Response in Cutaway Bus Rollover Crash</marc:subfield>
         <marc:subfield code="c">Mohammadreza Seyedi</marc:subfield>
      </marc:datafield>
      <marc:datafield tag="264" ind1=" " ind2="1">
         <marc:subfield code="a">Tallahassee, Florida :</marc:subfield>
         <marc:subfield code="b">Florida State University</marc:subfield>
         <marc:subfield code="c">2020</marc:subfield>
      </marc:datafield>
      <marc:datafield tag="300" ind1=" " ind2=" ">
         <marc:subfield code="a">1 online resource (172 pages)</marc:subfield>
      </marc:datafield>
      <marc:datafield tag="336" ind1=" " ind2=" ">
         <marc:subfield code="a">text</marc:subfield>
         <marc:subfield code="b">txt</marc:subfield>
         <marc:subfield code="2">rdacontent</marc:subfield>
      </marc:datafield>
      <marc:datafield tag="337" ind1=" " ind2=" ">
         <marc:subfield code="a">computer</marc:subfield>
         <marc:subfield code="b">c</marc:subfield>
         <marc:subfield code="2">rdamedia</marc:subfield>
      </marc:datafield>
      <marc:datafield tag="338" ind1=" " ind2=" ">
         <marc:subfield code="a">online resource</marc:subfield>
         <marc:subfield code="b">cr</marc:subfield>
         <marc:subfield code="2">rdacarrier</marc:subfield>
      </marc:datafield>
      <marc:datafield tag="347" ind1=" " ind2=" ">
         <marc:subfield code="a">text file</marc:subfield>
         <marc:subfield code="b">PDF</marc:subfield>
         <marc:subfield code="2">rda</marc:subfield>
      </marc:datafield>
      <marc:datafield tag="538" ind1=" " ind2=" ">
         <marc:subfield code="a">System requirements: Adobe Reader or other PDF viewer.</marc:subfield>
      </marc:datafield>
      <marc:datafield tag="588" ind1=" " ind2=" ">
         <marc:subfield code="a">Description based on online resource; title from PDF title page.</marc:subfield>
      </marc:datafield>
      <marc:datafield tag="500" ind1=" " ind2=" ">
         <marc:subfield code="a">Extent pagination is PDF page count.</marc:subfield>
      </marc:datafield>
      <marc:datafield tag="500" ind1=" " ind2=" ">
         <marc:subfield code="a">Advisory committee: Sungmoon Jung, Professor Directing Dissertation; Jonathan Clark, University Representative; Lisa Spainhour, Committee Member; Ren Moses, Committee Member; Maxim A. Dulebenets, Committee Member.</marc:subfield>
      </marc:datafield>
      <marc:datafield tag="500" ind1=" " ind2=" ">
         <marc:subfield code="a">A Dissertation submitted to the Department of Civil and Environmental Engineering in partial fulfillment of the requirements for the degree of Doctor of Philosophy.</marc:subfield>
      </marc:datafield>
      <marc:datafield tag="500" ind1=" " ind2=" ">
         <marc:subfield code="a">Date of Defense: April 2, 2020</marc:subfield>
      </marc:datafield>
      <marc:datafield tag="500" ind1=" " ind2=" ">
         <marc:subfield code="a">Keywords: Bus, Crashworthiness, Finite Element, Occupant Injury, Rollover, Safety</marc:subfield>
      </marc:datafield>
      <marc:datafield tag="502" ind1=" " ind2=" ">
         <marc:subfield code="b">Ph.D.</marc:subfield>
         <marc:subfield code="c">Florida State University</marc:subfield>
         <marc:subfield code="d">2020.</marc:subfield>
      </marc:datafield>
      <marc:datafield tag="520" ind1="3" ind2=" ">
         <marc:subfield code="a">While rollover crashes are the least frequent types of crash, around one third of vehicle occupant fatalities occurs in rollover crashes. Rollover crashes are usually associated with multiple impacts which result in complex interactions between occupants and a passenger compartment. Compared to the numerous experimental and computational studies on the rollover in passenger cars, efforts on bus rollover safety are far lagging behind. Based on a literature review, available studies on a bus rollover safety have mainly focused on structural integrity rather than considering occupant responses in their assessment. However, detailed information about the characteristics of occupant responses is lacking. Additionally, to design the effective occupant protection systems and safety evaluation tools, understanding the vehicle-occupant interaction is essential. There have been A few field data studies that provide some insights into occupant injuries (e.g., severity and distribution of injuries) using post-crash data, however, their results show a qualitative assessment rather than a quantitative assessment of occupant kinematics and injury risk. The main goal of this research was to characterize the vehicle and occupant responses during the rollover crash using both experimental and numerical methods. Two different experimental rollover tests include a modified dolly rollover (MDR) and tilt table (TT) tests were conducted using a similar bus and anthropomorphic test device (ATD) configurations to understand the effects of vehicle kinematics on occupant injuries. In each test, a 2-point and 3-point belted 50th percent male Hybrid III ATDs were used and the injury risks were measured for different parts of body. Next, two different computational models were developed to further understand the effects of test parameters and structural performance on injury outcomes. The full-scale finite element (FE) model of the bus were simulated in LS-DYNA and validated against experimental data. Because, the Hybrid III was originally designed for frontal crashes, the FE model of the EuroSID-2re, which his developed for the side impact crashes, was also implemented. Then, a series of FE simulations were conducted, and the structural deformation and occupant injury risk were quantified. Lastly, to obtain the more realistic characteristics of bus rollover crashes, the real-world rollover accidents were simulated using the multibody dynamic (MBD) model of the bus in PC-Crash software. An application of the combined MBD and FE simulations has been presented to and the results of the two crash tests were compared with the results of accident reconstruction. The results of this study showed that the most common impact mechanism among these rollover scenarios is the impact between the bus’s cantrail (roof connection to the sidewall) and ground that caused similar lateral deformation patterns. Also, unlike the passenger cars where the vertical roof deformation can significantly increase the occupant injuries, the intrusion of the bus passenger compartment was not identified as a source of any major injury. Furthermore, The highest head, neck, and chest injury risk were predicted during the MDR simulation where the ATD was partially ejected through the shattered side window. The findings of this research can benefit automakers who seek to improve the effectiveness of structural safety systems of the bus and regulatory agencies seeking to develop the vehicle tests targeting the safety of the passengers in the bus rollover crashes.</marc:subfield>
      </marc:datafield>
      <marc:datafield tag="504" ind1=" " ind2=" ">
         <marc:subfield code="a">Includes bibliographical references.</marc:subfield>
      </marc:datafield>
      <marc:datafield tag="650" ind1=" " ind2="0">
         <marc:subfield code="a">Transportation</marc:subfield>
         <marc:subfield code="x">Planning</marc:subfield>
      </marc:datafield>
      <marc:datafield tag="650" ind1=" " ind2="0">
         <marc:subfield code="a">Automobiles</marc:subfield>
         <marc:subfield code="x">Design and construction</marc:subfield>
      </marc:datafield>
      <marc:datafield tag="655" ind1=" " ind2="7">
         <marc:subfield code="a">Electronic Thesis or Dissertation.</marc:subfield>
         <marc:subfield code="2">dct</marc:subfield>
      </marc:datafield>
      <marc:datafield tag="690" ind1=" " ind2="7">
         <marc:subfield code="a">FSU Dissertations.</marc:subfield>
         <marc:subfield code="2">local</marc:subfield>
         <marc:subfield code="9">LOCAL</marc:subfield>
      </marc:datafield>
      <marc:datafield tag="710" ind1="2" ind2=" ">
         <marc:subfield code="a">Florida State University.</marc:subfield>
         <marc:subfield code="e">degree granting instution.</marc:subfield>
         <marc:subfield code="0">http://id.loc.gov/authorities/names/n80126238</marc:subfield>
      </marc:datafield>
      <marc:datafield tag="931" ind1="1" ind2=" ">
         <marc:subfield code="a">Jung, Sungmoon</marc:subfield>
         <marc:subfield code="e">professor directing dissertation</marc:subfield>
         <marc:subfield code="9">LOCAL</marc:subfield>
      </marc:datafield>
      <marc:datafield tag="931" ind1="1" ind2=" ">
         <marc:subfield code="a">Clark, Jonathan E.</marc:subfield>
         <marc:subfield code="e">university representative</marc:subfield>
         <marc:subfield code="9">LOCAL</marc:subfield>
      </marc:datafield>
      <marc:datafield tag="931" ind1="1" ind2=" ">
         <marc:subfield code="a">Spainhour, Lisa</marc:subfield>
         <marc:subfield code="e">committee member</marc:subfield>
         <marc:subfield code="9">LOCAL</marc:subfield>
      </marc:datafield>
      <marc:datafield tag="931" ind1="1" ind2=" ">
         <marc:subfield code="a">Moses, Ren</marc:subfield>
         <marc:subfield code="e">committee member</marc:subfield>
         <marc:subfield code="9">LOCAL</marc:subfield>
      </marc:datafield>
      <marc:datafield tag="931" ind1="1" ind2=" ">
         <marc:subfield code="a">Dulebenets, Maxim A.</marc:subfield>
         <marc:subfield code="e">committee member</marc:subfield>
         <marc:subfield code="9">LOCAL</marc:subfield>
      </marc:datafield>
      <marc:datafield tag="932" ind1="2" ind2=" ">
         <marc:subfield code="a">Department of Civil and Environmental Engineering.</marc:subfield>
         <marc:subfield code="9">LOCAL</marc:subfield>
      </marc:datafield>
      <marc:datafield tag="904" ind1=" " ind2=" ">
         <marc:subfield code="a">0</marc:subfield>
         <marc:subfield code="9">LOCAL</marc:subfield>
      </marc:datafield>
   </marc:record>