
   <marc:record>
      <marc:leader>     nam  22     Ki 4500</marc:leader>
      <marc:controlfield tag="006">m     o  d        </marc:controlfield>
      <marc:controlfield tag="007">cr |||||||||||</marc:controlfield>
      <marc:controlfield tag="008">      s2020    flu     obm   000 0  d</marc:controlfield>
      <marc:datafield tag="040" ind1=" " ind2=" ">
         <marc:subfield code="a">FDA</marc:subfield>
         <marc:subfield code="b">eng</marc:subfield>
         <marc:subfield code="e">rda</marc:subfield>
         <marc:subfield code="c">FDA</marc:subfield>
      </marc:datafield>
      <marc:datafield tag="100" ind1="1" ind2=" ">
         <marc:subfield code="a">Tucker, Karen</marc:subfield>
         <marc:subfield code="e">author</marc:subfield>
      </marc:datafield>
      <marc:datafield tag="245" ind1="1" ind2="0">
         <marc:subfield code="a">Bewilderness</marc:subfield>
         <marc:subfield code="c">Karen Tucker</marc:subfield>
      </marc:datafield>
      <marc:datafield tag="264" ind1=" " ind2="1">
         <marc:subfield code="a">Tallahassee, Florida :</marc:subfield>
         <marc:subfield code="b">Florida State University</marc:subfield>
         <marc:subfield code="c">2020</marc:subfield>
      </marc:datafield>
      <marc:datafield tag="300" ind1=" " ind2=" ">
         <marc:subfield code="a">1 online resource (246 pages)</marc:subfield>
      </marc:datafield>
      <marc:datafield tag="336" ind1=" " ind2=" ">
         <marc:subfield code="a">text</marc:subfield>
         <marc:subfield code="b">txt</marc:subfield>
         <marc:subfield code="2">rdacontent</marc:subfield>
      </marc:datafield>
      <marc:datafield tag="337" ind1=" " ind2=" ">
         <marc:subfield code="a">computer</marc:subfield>
         <marc:subfield code="b">c</marc:subfield>
         <marc:subfield code="2">rdamedia</marc:subfield>
      </marc:datafield>
      <marc:datafield tag="338" ind1=" " ind2=" ">
         <marc:subfield code="a">online resource</marc:subfield>
         <marc:subfield code="b">cr</marc:subfield>
         <marc:subfield code="2">rdacarrier</marc:subfield>
      </marc:datafield>
      <marc:datafield tag="347" ind1=" " ind2=" ">
         <marc:subfield code="a">text file</marc:subfield>
         <marc:subfield code="b">PDF</marc:subfield>
         <marc:subfield code="2">rda</marc:subfield>
      </marc:datafield>
      <marc:datafield tag="538" ind1=" " ind2=" ">
         <marc:subfield code="a">System requirements: Adobe Reader or other PDF viewer.</marc:subfield>
      </marc:datafield>
      <marc:datafield tag="588" ind1=" " ind2=" ">
         <marc:subfield code="a">Description based on online resource; title from PDF title page.</marc:subfield>
      </marc:datafield>
      <marc:datafield tag="500" ind1=" " ind2=" ">
         <marc:subfield code="a">Extent pagination is PDF page count.</marc:subfield>
      </marc:datafield>
      <marc:datafield tag="500" ind1=" " ind2=" ">
         <marc:subfield code="a">Advisory committee: Mark Winegardner, Professor Directing Dissertation; Jeanette Taylor, University Representative; Elizabeth Stuckey-French, Committee Member; Skip Horack, Committee Member.</marc:subfield>
      </marc:datafield>
      <marc:datafield tag="500" ind1=" " ind2=" ">
         <marc:subfield code="a">A Dissertation submitted to the Department of English in partial fulfillment of the requirements for the degree of Doctor of Philosophy.</marc:subfield>
      </marc:datafield>
      <marc:datafield tag="500" ind1=" " ind2=" ">
         <marc:subfield code="a">Date of Defense: January 13, 2020</marc:subfield>
      </marc:datafield>
      <marc:datafield tag="502" ind1=" " ind2=" ">
         <marc:subfield code="b">Ph.D.</marc:subfield>
         <marc:subfield code="c">Florida State University</marc:subfield>
         <marc:subfield code="d">2020.</marc:subfield>
      </marc:datafield>
      <marc:datafield tag="520" ind1="3" ind2=" ">
         <marc:subfield code="a">Set in rural North Carolina, BEWILDERNESS explores the current opioid crisis and the link between addiction and trauma, specifically PTSD and sexual assault. Narrating the story is Irene, a part-time food server who pairs a cynical outlook with a slippery sense of ethics. She also maintains a fierce loyalty to her best friend Luce. Although both women have a history of abusing prescription painkillers, they've managed to stay clean for eleven months, and are eager to get their one-year key tags. But when Luce's boyfriend Wilky fatally overdoses on fake oxy pressed with fentanyl, Luce suffers an asthma attack triggered by stress and is given ketamine by the paramedics––throwing her sobriety into peril. Struggling with grief and isolation, the women soon fall back into their old hustle, graduating from pills to sniffing heroin. A sexual assault from a doctor launches them into IVing their dope. But it isn't until Irene convinces Luce, who is still covered by her stepfather's health insurance, to go to rehab in Florida that the danger really escalates. Told in woven narratives with two different timelines, BEWILDERNESS tracks the events leading up to and following a user's death.</marc:subfield>
      </marc:datafield>
      <marc:datafield tag="504" ind1=" " ind2=" ">
         <marc:subfield code="a">Includes bibliographical references.</marc:subfield>
      </marc:datafield>
      <marc:datafield tag="506" ind1=" " ind2=" ">
         <marc:subfield code="a">This thesis/dissertation may be embargoed for a limited time. Click access link to check availability.</marc:subfield>
      </marc:datafield>
      <marc:datafield tag="655" ind1=" " ind2="7">
         <marc:subfield code="a">Electronic Thesis or Dissertation.</marc:subfield>
         <marc:subfield code="2">dct</marc:subfield>
      </marc:datafield>
      <marc:datafield tag="690" ind1=" " ind2="7">
         <marc:subfield code="a">FSU Dissertations.</marc:subfield>
         <marc:subfield code="2">local</marc:subfield>
         <marc:subfield code="9">LOCAL</marc:subfield>
      </marc:datafield>
      <marc:datafield tag="710" ind1="2" ind2=" ">
         <marc:subfield code="a">Florida State University.</marc:subfield>
         <marc:subfield code="e">degree granting instution.</marc:subfield>
         <marc:subfield code="0">http://id.loc.gov/authorities/names/n80126238</marc:subfield>
      </marc:datafield>
      <marc:datafield tag="931" ind1="1" ind2=" ">
         <marc:subfield code="a">Winegardner, Mark</marc:subfield>
         <marc:subfield code="d">1961-</marc:subfield>
         <marc:subfield code="e">professor directing dissertation</marc:subfield>
         <marc:subfield code="9">LOCAL</marc:subfield>
      </marc:datafield>
      <marc:datafield tag="931" ind1="1" ind2=" ">
         <marc:subfield code="a">Taylor, Jeanette E.</marc:subfield>
         <marc:subfield code="e">university representative</marc:subfield>
         <marc:subfield code="9">LOCAL</marc:subfield>
      </marc:datafield>
      <marc:datafield tag="931" ind1="1" ind2=" ">
         <marc:subfield code="a">Stuckey-French, Elizabeth</marc:subfield>
         <marc:subfield code="e">committee member</marc:subfield>
         <marc:subfield code="9">LOCAL</marc:subfield>
      </marc:datafield>
      <marc:datafield tag="931" ind1="1" ind2=" ">
         <marc:subfield code="a">Horack, Skip</marc:subfield>
         <marc:subfield code="e">committee member</marc:subfield>
         <marc:subfield code="9">LOCAL</marc:subfield>
      </marc:datafield>
      <marc:datafield tag="932" ind1="2" ind2=" ">
         <marc:subfield code="a">Department of English.</marc:subfield>
         <marc:subfield code="9">LOCAL</marc:subfield>
      </marc:datafield>
      <marc:datafield tag="904" ind1=" " ind2=" ">
         <marc:subfield code="a">4</marc:subfield>
         <marc:subfield code="9">LOCAL</marc:subfield>
      </marc:datafield>
   </marc:record>