
   <marc:record>
      <marc:leader>     nam  22     Ki 4500</marc:leader>
      <marc:controlfield tag="006">m     o  d        </marc:controlfield>
      <marc:controlfield tag="007">cr |||||||||||</marc:controlfield>
      <marc:controlfield tag="008">      s2020    flu     obm   000 0  d</marc:controlfield>
      <marc:datafield tag="040" ind1=" " ind2=" ">
         <marc:subfield code="a">FDA</marc:subfield>
         <marc:subfield code="b">eng</marc:subfield>
         <marc:subfield code="e">rda</marc:subfield>
         <marc:subfield code="c">FDA</marc:subfield>
      </marc:datafield>
      <marc:datafield tag="100" ind1="1" ind2=" ">
         <marc:subfield code="a">Usman, Muhammad Usama</marc:subfield>
         <marc:subfield code="e">author</marc:subfield>
      </marc:datafield>
      <marc:datafield tag="245" ind1="1" ind2="0">
         <marc:subfield code="a">Fault Classification and Location Identification in Distribution Systems Using Synchrophasor Technologies and Advanced Metering
         Infrastructure</marc:subfield>
         <marc:subfield code="c">Muhammad Usama Usman</marc:subfield>
      </marc:datafield>
      <marc:datafield tag="264" ind1=" " ind2="1">
         <marc:subfield code="a">Tallahassee, Florida :</marc:subfield>
         <marc:subfield code="b">Florida State University</marc:subfield>
         <marc:subfield code="c">2020</marc:subfield>
      </marc:datafield>
      <marc:datafield tag="300" ind1=" " ind2=" ">
         <marc:subfield code="a">1 online resource (161 pages)</marc:subfield>
      </marc:datafield>
      <marc:datafield tag="336" ind1=" " ind2=" ">
         <marc:subfield code="a">text</marc:subfield>
         <marc:subfield code="b">txt</marc:subfield>
         <marc:subfield code="2">rdacontent</marc:subfield>
      </marc:datafield>
      <marc:datafield tag="337" ind1=" " ind2=" ">
         <marc:subfield code="a">computer</marc:subfield>
         <marc:subfield code="b">c</marc:subfield>
         <marc:subfield code="2">rdamedia</marc:subfield>
      </marc:datafield>
      <marc:datafield tag="338" ind1=" " ind2=" ">
         <marc:subfield code="a">online resource</marc:subfield>
         <marc:subfield code="b">cr</marc:subfield>
         <marc:subfield code="2">rdacarrier</marc:subfield>
      </marc:datafield>
      <marc:datafield tag="347" ind1=" " ind2=" ">
         <marc:subfield code="a">text file</marc:subfield>
         <marc:subfield code="b">PDF</marc:subfield>
         <marc:subfield code="2">rda</marc:subfield>
      </marc:datafield>
      <marc:datafield tag="538" ind1=" " ind2=" ">
         <marc:subfield code="a">System requirements: Adobe Reader or other PDF viewer.</marc:subfield>
      </marc:datafield>
      <marc:datafield tag="588" ind1=" " ind2=" ">
         <marc:subfield code="a">Description based on online resource; title from PDF title page.</marc:subfield>
      </marc:datafield>
      <marc:datafield tag="500" ind1=" " ind2=" ">
         <marc:subfield code="a">Extent pagination is PDF page count.</marc:subfield>
      </marc:datafield>
      <marc:datafield tag="500" ind1=" " ind2=" ">
         <marc:subfield code="a">Advisory committee: Omar Faruque, Professor Directing Dissertation; Juan Ordonez, University Representative; Sastry Pamidi, Committee Member; Petru Andrei, Committee Member.</marc:subfield>
      </marc:datafield>
      <marc:datafield tag="500" ind1=" " ind2=" ">
         <marc:subfield code="a">A Dissertation submitted to the Department of Electrical and Computer Engineering in partial fulfillment of the requirements for the degree of Doctor of Philosophy.</marc:subfield>
      </marc:datafield>
      <marc:datafield tag="500" ind1=" " ind2=" ">
         <marc:subfield code="a">Date of Defense: January 16, 2020</marc:subfield>
      </marc:datafield>
      <marc:datafield tag="500" ind1=" " ind2=" ">
         <marc:subfield code="a">Keywords: Fault Location Identification, Machine Learning, Smart Meters, State Estimation, Synchrophasors</marc:subfield>
      </marc:datafield>
      <marc:datafield tag="502" ind1=" " ind2=" ">
         <marc:subfield code="b">Ph.D.</marc:subfield>
         <marc:subfield code="c">Florida State University</marc:subfield>
         <marc:subfield code="d">2020.</marc:subfield>
      </marc:datafield>
      <marc:datafield tag="520" ind1="3" ind2=" ">
         <marc:subfield code="a">Electric power lines are subject to disturbances such as severe weather conditions, contact with animals, falling trees, human accidents, equipment malfunction, etc. These catastrophic events can trigger an electrical fault, which results in momentary or sustained interruptions. The interruptions cost U.S economy around $114 billion annually. Almost 80% of fault-related interruptions experienced by customers are due to fault incidents on the distribution system (DS). If the fault location is not identified accurately, power outages can last for a very long time and impact the economy severely. Fault Location Identification (FLI) methods of transmission systems are not easily applicable to DS because their accuracy is affected by fault types, fault resistance, unbalanced loads, and distributed generation (DG). FLI is also a challenging problem for electric utilities due to the scarcity of data points. However, due to the recent deployment of advanced metering infrastructure (AMI) and synchrophasor technology (ST), data availability is growing continuously. The widespread popularity of µ phasor measurement units and smart meters (SMs) in the context of smart grid technology has opened many doors to the use of data analytics and state-of-the-art algorithms for FLI in distribution networks (DN). Distribution-level PMUs, commonly known as µPMUs provide GPS-synchronized measurements of three-phase voltage and current phasors at a very high resolution. Similarly, SMs provide energy and power readings as fast as a one-second interval. Utilizing the measurements provided by an optimum number of µPMUs and SMs, this thesis presents and validates FLI techniques for a modern DN. Two approaches are proposed for FLI - a state estimation based approach and a machine intelligence-based approach. Using the state estimation method, FLI is performed using real-time data from simulated phasor measurement units (PMU), placed in the DN. State Estimation needs the fault currents of the generators and voltage measurements of an optimal number of nodes to perform the FLI algorithm. The method was validated using the IEEE 37 node test feeder, which mimics the true behavior of an operating distribution grid with DG. PMUs are placed on the real-time model of the system. The real-time model was implemented on a digital real-time simulator (DRTS), which streams phasor data over the Internet using C37.118 protocol. OpenPDC is used to collect real-time PMU data coming from real-time simulator. Microsoft SQL is used as a database management server (DMS) to store data coming from OpenPDC. In the last step of the FL process, data stored in OpenPDC is fed into a Matlab based FL identification algorithm to locate the fault. Both balanced and unbalanced fault types are applied to different nodes, and an accurate estimation of the FL (over 90% of the cases) is achieved. The machine intelligence-based FLI method is proposed using artificial neural networks (ANN’s) and ensemble learning using advanced metering infrastructure (AMI). This method also describes the development of a testbed for real-time testing of the proposed approach. The testbed consists of a simulated power system model running on a DRTS and AMI. The core parts of AMI are smart meters (SMs), a communication network (developed using DNP3 protocol over TCP/IP), a data concentrator (DC), and a utility operations center (UOC). Event-driven data from the SMs are collected in DC and then fed to the UOC for being used as inputs for the novel FLI algorithm. Based on the data received, the algorithm can classify the type of fault and locate it with high accuracy. Both balanced and unbalanced fault types are tested on different nodes and lines throughout a distribution network modeled in offline and on the DRTS. A comprehensive sensitivity analysis is performed to validate the effectiveness of the proposed method by varying fault resistance, loading conditions, and noise level. Classification accuracy of over 99% is achieved when classifying all fault types, and more than 95% accuracy is achieved when identifying the location of the fault.</marc:subfield>
      </marc:datafield>
      <marc:datafield tag="504" ind1=" " ind2=" ">
         <marc:subfield code="a">Includes bibliographical references.</marc:subfield>
      </marc:datafield>
      <marc:datafield tag="650" ind1=" " ind2="0">
         <marc:subfield code="a">Electrical engineering</marc:subfield>
      </marc:datafield>
      <marc:datafield tag="655" ind1=" " ind2="7">
         <marc:subfield code="a">Electronic Thesis or Dissertation.</marc:subfield>
         <marc:subfield code="2">dct</marc:subfield>
      </marc:datafield>
      <marc:datafield tag="690" ind1=" " ind2="7">
         <marc:subfield code="a">FSU Dissertations.</marc:subfield>
         <marc:subfield code="2">local</marc:subfield>
         <marc:subfield code="9">LOCAL</marc:subfield>
      </marc:datafield>
      <marc:datafield tag="710" ind1="2" ind2=" ">
         <marc:subfield code="a">Florida State University.</marc:subfield>
         <marc:subfield code="e">degree granting instution.</marc:subfield>
         <marc:subfield code="0">http://id.loc.gov/authorities/names/n80126238</marc:subfield>
      </marc:datafield>
      <marc:datafield tag="931" ind1="1" ind2=" ">
         <marc:subfield code="a">Faruque, Md Omar</marc:subfield>
         <marc:subfield code="e">professor directing dissertation</marc:subfield>
         <marc:subfield code="9">LOCAL</marc:subfield>
      </marc:datafield>
      <marc:datafield tag="931" ind1="1" ind2=" ">
         <marc:subfield code="a">Ordóñez, Juan Carlos</marc:subfield>
         <marc:subfield code="d">1973-</marc:subfield>
         <marc:subfield code="e">university representative</marc:subfield>
         <marc:subfield code="9">LOCAL</marc:subfield>
      </marc:datafield>
      <marc:datafield tag="931" ind1="1" ind2=" ">
         <marc:subfield code="a">Pamidi, Sastry V.</marc:subfield>
         <marc:subfield code="e">committee member</marc:subfield>
         <marc:subfield code="9">LOCAL</marc:subfield>
      </marc:datafield>
      <marc:datafield tag="931" ind1="1" ind2=" ">
         <marc:subfield code="a">Andrei, Petru</marc:subfield>
         <marc:subfield code="e">committee member</marc:subfield>
         <marc:subfield code="9">LOCAL</marc:subfield>
      </marc:datafield>
      <marc:datafield tag="932" ind1="2" ind2=" ">
         <marc:subfield code="a">Department of Electrical and Computer Engineering.</marc:subfield>
         <marc:subfield code="9">LOCAL</marc:subfield>
      </marc:datafield>
      <marc:datafield tag="904" ind1=" " ind2=" ">
         <marc:subfield code="a">0</marc:subfield>
         <marc:subfield code="9">LOCAL</marc:subfield>
      </marc:datafield>
   </marc:record>