
   <marc:record>
      <marc:leader>     nam  22     Ki 4500</marc:leader>
      <marc:controlfield tag="006">m     o  d        </marc:controlfield>
      <marc:controlfield tag="007">cr |||||||||||</marc:controlfield>
      <marc:controlfield tag="008">      s2020    flu     obm   000 0  d</marc:controlfield>
      <marc:datafield tag="040" ind1=" " ind2=" ">
         <marc:subfield code="a">FDA</marc:subfield>
         <marc:subfield code="b">eng</marc:subfield>
         <marc:subfield code="e">rda</marc:subfield>
         <marc:subfield code="c">FDA</marc:subfield>
      </marc:datafield>
      <marc:datafield tag="100" ind1="1" ind2=" ">
         <marc:subfield code="a">Valerio, Tayelor</marc:subfield>
         <marc:subfield code="e">author</marc:subfield>
      </marc:datafield>
      <marc:datafield tag="245" ind1="1" ind2="2">
         <marc:subfield code="a">A Life Course Approach to Child Survival :</marc:subfield>
         <marc:subfield code="b">Incorporating Social and Contextual Inequality</marc:subfield>
         <marc:subfield code="c">Tayelor Valerio</marc:subfield>
      </marc:datafield>
      <marc:datafield tag="264" ind1=" " ind2="1">
         <marc:subfield code="a">Tallahassee, Florida :</marc:subfield>
         <marc:subfield code="b">Florida State University</marc:subfield>
         <marc:subfield code="c">2020</marc:subfield>
      </marc:datafield>
      <marc:datafield tag="300" ind1=" " ind2=" ">
         <marc:subfield code="a">1 online resource (164 pages)</marc:subfield>
      </marc:datafield>
      <marc:datafield tag="336" ind1=" " ind2=" ">
         <marc:subfield code="a">text</marc:subfield>
         <marc:subfield code="b">txt</marc:subfield>
         <marc:subfield code="2">rdacontent</marc:subfield>
      </marc:datafield>
      <marc:datafield tag="337" ind1=" " ind2=" ">
         <marc:subfield code="a">computer</marc:subfield>
         <marc:subfield code="b">c</marc:subfield>
         <marc:subfield code="2">rdamedia</marc:subfield>
      </marc:datafield>
      <marc:datafield tag="338" ind1=" " ind2=" ">
         <marc:subfield code="a">online resource</marc:subfield>
         <marc:subfield code="b">cr</marc:subfield>
         <marc:subfield code="2">rdacarrier</marc:subfield>
      </marc:datafield>
      <marc:datafield tag="347" ind1=" " ind2=" ">
         <marc:subfield code="a">text file</marc:subfield>
         <marc:subfield code="b">PDF</marc:subfield>
         <marc:subfield code="2">rda</marc:subfield>
      </marc:datafield>
      <marc:datafield tag="538" ind1=" " ind2=" ">
         <marc:subfield code="a">System requirements: Adobe Reader or other PDF viewer.</marc:subfield>
      </marc:datafield>
      <marc:datafield tag="588" ind1=" " ind2=" ">
         <marc:subfield code="a">Description based on online resource; title from PDF title page.</marc:subfield>
      </marc:datafield>
      <marc:datafield tag="500" ind1=" " ind2=" ">
         <marc:subfield code="a">Extent pagination is PDF page count.</marc:subfield>
      </marc:datafield>
      <marc:datafield tag="500" ind1=" " ind2=" ">
         <marc:subfield code="a">Advisory committee: Karin Brewster, Professor Directing Dissertation; Melissa Radey, University Representative; Elwood Carlson, Committee Member; Michael McFarland, Committee Member; Paromita Sanyal, Committee Member.</marc:subfield>
      </marc:datafield>
      <marc:datafield tag="500" ind1=" " ind2=" ">
         <marc:subfield code="a">A Dissertation submitted to the Department of Sociology in partial fulfillment of the requirements for the degree of Doctor of Philosophy.</marc:subfield>
      </marc:datafield>
      <marc:datafield tag="500" ind1=" " ind2=" ">
         <marc:subfield code="a">Date of Defense: April 3, 2020</marc:subfield>
      </marc:datafield>
      <marc:datafield tag="500" ind1=" " ind2=" ">
         <marc:subfield code="a">Keywords: Child Mortality, India, Inequality, Life Course, Sociology</marc:subfield>
      </marc:datafield>
      <marc:datafield tag="502" ind1=" " ind2=" ">
         <marc:subfield code="b">Ph.D.</marc:subfield>
         <marc:subfield code="c">Florida State University</marc:subfield>
         <marc:subfield code="d">2020.</marc:subfield>
      </marc:datafield>
      <marc:datafield tag="520" ind1="3" ind2=" ">
         <marc:subfield code="a">India has the greatest maternal and child health burden in the world, having more stunted and wasted children, neonatal deaths, and deaths of children under age five than any other nation (Paul et al. 2011; UNICEF 2013; 2018; Hug, Sharrow, and You 2017). Progress has been made in reducing these disparities in the past few decades, but it has not been enough to meet national or international goals. Although India has a long history of gender, caste and class-based inequalities, research considering the connections between these inequalities and childhood health and survival is lacking. The purpose of this dissertation is to examine whether under-five mortality in India reflects the physical embodiment and intergenerational transmission of social and contextual inequality. This study is guided by four specific research questions about neonatal mortality risk and survival through the fifth birthday, in recognition of the different cause-structures of mortality at these two stages of the life course: Question 1) Do elements of the maternal life course—family background, educational attainment, degree of personal agency—influence neonatal mortality risk? Question 2) Do maternal health status and health behaviors prior to and during gestation mediate the association between mothers’ life experiences and their neonates’ mortality risk? Question 3) Do state-level characteristics, including health system quality and degree of socioeconomic development, influence child survival and, if so, do they operate through proximate or intermediate factors? Question 4) Are household characteristics and environmental exposures associated with childhood survival, net of maternal characteristics, and are these relationships conditional on birth size? All analyses were conducted using the India National Family Health Survey (NFHS-4), which provided nationally representative data collected in 2015-2016. Questions 1 and 2 address the significance of the mother’s life course for her child’s survival during the first month of life using discrete time hazard models and mediation analyses. I examined the extent to which key elements of the mother’s earlier life experience, such as her family background, educational attainment, and her degree of agency, impact her newborn’s survival chance, and if these earlier life experiences predict her health and health behaviors around pregnancy. Mother’s education is significantly predictive of her physical health and prenatal care use in adulthood, and lowers her newborn’s mortality risk through these two proximate determinants. Greater decision-making power is also associated with more prenatal care visits, which ultimately lower her child’s hazard of death, net of all other factors. Questions 3 and 4 investigate the broader avenues through which inequality influences child health. I examined how contextual effects at the state-level are mediated or moderated by individual-level factors to impact the chance of under-five survival using discrete time hazard and interaction models. Greater educational attainment of women at the state level translates into lower odds of death for children, net of other structural measures. This contextual effect exerts its influence through household and individual-level measures, as it is no longer significant once markers of parental socioeconomic status are considered. For under-five mortality, the importance of the parent’s cultural capital is apparent. Unlike the neonatal period, father’s education retains a significant protective effect that does not appear to be mediated by other measures of socioeconomic status or birth conditions. While specific dimensions of household quality are not significantly related to child mortality on their own, net of other state and household factors, the protective effect of having access to a flush toilet is conditional on birth size. Only children not considered small at birth appear to reap a survival advantage from modern plumbing systems, which help to shield them from pathogens linked to diarrheal and other infectious diseases. For children with small birth sizes, higher-quality toilet facilities do not seem to raise or lower their already-higher odds of mortality. In total, this dissertation paints a holistic portrait of how structural and cultural barriers culminate in maternal and child health outcomes on the individual level. The findings provide policy makers and public health scholars with new insights on the risk factors of various stages of child mortality using current, nationally representative data. Furthermore, employing the life course framework provides a fresh perspective for analyzing the determinants of child survival in India, one that gives proper attention to the social and environmental experiences of the children and adults to whom they are linked.</marc:subfield>
      </marc:datafield>
      <marc:datafield tag="504" ind1=" " ind2=" ">
         <marc:subfield code="a">Includes bibliographical references.</marc:subfield>
      </marc:datafield>
      <marc:datafield tag="650" ind1=" " ind2="0">
         <marc:subfield code="a">Sociology</marc:subfield>
      </marc:datafield>
      <marc:datafield tag="650" ind1=" " ind2="0">
         <marc:subfield code="a">Demography</marc:subfield>
      </marc:datafield>
      <marc:datafield tag="655" ind1=" " ind2="7">
         <marc:subfield code="a">Electronic Thesis or Dissertation.</marc:subfield>
         <marc:subfield code="2">dct</marc:subfield>
      </marc:datafield>
      <marc:datafield tag="690" ind1=" " ind2="7">
         <marc:subfield code="a">FSU Dissertations.</marc:subfield>
         <marc:subfield code="2">local</marc:subfield>
         <marc:subfield code="9">LOCAL</marc:subfield>
      </marc:datafield>
      <marc:datafield tag="710" ind1="2" ind2=" ">
         <marc:subfield code="a">Florida State University.</marc:subfield>
         <marc:subfield code="e">degree granting instution.</marc:subfield>
         <marc:subfield code="0">http://id.loc.gov/authorities/names/n80126238</marc:subfield>
      </marc:datafield>
      <marc:datafield tag="931" ind1="1" ind2=" ">
         <marc:subfield code="a">Brewster, Karin L.</marc:subfield>
         <marc:subfield code="e">professor directing dissertation</marc:subfield>
         <marc:subfield code="9">LOCAL</marc:subfield>
      </marc:datafield>
      <marc:datafield tag="931" ind1="1" ind2=" ">
         <marc:subfield code="a">Radey, Melissa</marc:subfield>
         <marc:subfield code="e">university representative</marc:subfield>
         <marc:subfield code="9">LOCAL</marc:subfield>
      </marc:datafield>
      <marc:datafield tag="931" ind1="1" ind2=" ">
         <marc:subfield code="a">Carlson, Elwood</marc:subfield>
         <marc:subfield code="d">1950-</marc:subfield>
         <marc:subfield code="e">committee member</marc:subfield>
         <marc:subfield code="9">LOCAL</marc:subfield>
      </marc:datafield>
      <marc:datafield tag="931" ind1="1" ind2=" ">
         <marc:subfield code="a">McFarland, Michael J.</marc:subfield>
         <marc:subfield code="c">(Sociology professor)</marc:subfield>
         <marc:subfield code="e">committee member</marc:subfield>
         <marc:subfield code="9">LOCAL</marc:subfield>
      </marc:datafield>
      <marc:datafield tag="931" ind1="1" ind2=" ">
         <marc:subfield code="a">Sanyal, Paromita</marc:subfield>
         <marc:subfield code="e">committee member</marc:subfield>
         <marc:subfield code="9">LOCAL</marc:subfield>
      </marc:datafield>
      <marc:datafield tag="932" ind1="2" ind2=" ">
         <marc:subfield code="a">Department of Sociology.</marc:subfield>
         <marc:subfield code="9">LOCAL</marc:subfield>
      </marc:datafield>
      <marc:datafield tag="904" ind1=" " ind2=" ">
         <marc:subfield code="a">0</marc:subfield>
         <marc:subfield code="9">LOCAL</marc:subfield>
      </marc:datafield>
   </marc:record>