
   <marc:record>
      <marc:leader>     nam  22     Ki 4500</marc:leader>
      <marc:controlfield tag="006">m     o  d        </marc:controlfield>
      <marc:controlfield tag="007">cr |||||||||||</marc:controlfield>
      <marc:controlfield tag="008">      s2020    flu     obm   000 0  d</marc:controlfield>
      <marc:datafield tag="040" ind1=" " ind2=" ">
         <marc:subfield code="a">FDA</marc:subfield>
         <marc:subfield code="b">eng</marc:subfield>
         <marc:subfield code="e">rda</marc:subfield>
         <marc:subfield code="c">FDA</marc:subfield>
      </marc:datafield>
      <marc:datafield tag="100" ind1="1" ind2=" ">
         <marc:subfield code="a">Wallace, Cullen T.</marc:subfield>
         <marc:subfield code="e">author</marc:subfield>
      </marc:datafield>
      <marc:datafield tag="245" ind1="1" ind2="0">
         <marc:subfield code="a">Essays in Public Economics</marc:subfield>
         <marc:subfield code="c">Cullen T. Wallace</marc:subfield>
      </marc:datafield>
      <marc:datafield tag="264" ind1=" " ind2="1">
         <marc:subfield code="a">Tallahassee, Florida :</marc:subfield>
         <marc:subfield code="b">Florida State University</marc:subfield>
         <marc:subfield code="c">2020</marc:subfield>
      </marc:datafield>
      <marc:datafield tag="300" ind1=" " ind2=" ">
         <marc:subfield code="a">1 online resource (157 pages)</marc:subfield>
      </marc:datafield>
      <marc:datafield tag="336" ind1=" " ind2=" ">
         <marc:subfield code="a">text</marc:subfield>
         <marc:subfield code="b">txt</marc:subfield>
         <marc:subfield code="2">rdacontent</marc:subfield>
      </marc:datafield>
      <marc:datafield tag="337" ind1=" " ind2=" ">
         <marc:subfield code="a">computer</marc:subfield>
         <marc:subfield code="b">c</marc:subfield>
         <marc:subfield code="2">rdamedia</marc:subfield>
      </marc:datafield>
      <marc:datafield tag="338" ind1=" " ind2=" ">
         <marc:subfield code="a">online resource</marc:subfield>
         <marc:subfield code="b">cr</marc:subfield>
         <marc:subfield code="2">rdacarrier</marc:subfield>
      </marc:datafield>
      <marc:datafield tag="347" ind1=" " ind2=" ">
         <marc:subfield code="a">text file</marc:subfield>
         <marc:subfield code="b">PDF</marc:subfield>
         <marc:subfield code="2">rda</marc:subfield>
      </marc:datafield>
      <marc:datafield tag="538" ind1=" " ind2=" ">
         <marc:subfield code="a">System requirements: Adobe Reader or other PDF viewer.</marc:subfield>
      </marc:datafield>
      <marc:datafield tag="588" ind1=" " ind2=" ">
         <marc:subfield code="a">Description based on online resource; title from PDF title page.</marc:subfield>
      </marc:datafield>
      <marc:datafield tag="500" ind1=" " ind2=" ">
         <marc:subfield code="a">Extent pagination is PDF page count.</marc:subfield>
      </marc:datafield>
      <marc:datafield tag="500" ind1=" " ind2=" ">
         <marc:subfield code="a">Advisory committee: Shawn Kantor, Professor Directing Dissertation; Tomi Gomory, University Representative; Carl Kitchens, Committee Member; Luke P. Rodgers, Committee Member; Anastasia Semykina, Committee Member.</marc:subfield>
      </marc:datafield>
      <marc:datafield tag="500" ind1=" " ind2=" ">
         <marc:subfield code="a">A Dissertation submitted to the Department of Economics in partial fulfillment of the requirements for the degree of Doctor of Philosophy.</marc:subfield>
      </marc:datafield>
      <marc:datafield tag="500" ind1=" " ind2=" ">
         <marc:subfield code="a">Date of Defense: March 30, 2020</marc:subfield>
      </marc:datafield>
      <marc:datafield tag="502" ind1=" " ind2=" ">
         <marc:subfield code="b">Ph.D.</marc:subfield>
         <marc:subfield code="c">Florida State University</marc:subfield>
         <marc:subfield code="d">2020.</marc:subfield>
      </marc:datafield>
      <marc:datafield tag="520" ind1="3" ind2=" ">
         <marc:subfield code="a">The essays comprising this dissertation intersect public policy and consequential personal decisions: attending college, adopting a child, or choosing the right neighborhood. These selections have an enduring effect on an individual’s life and are constantly influenced by government policy. In all three essays, I leverage natural experiments derived from policy-induced variation. Specifically, I study the role of information as it pertains to the higher education attainment gap between Appalachia and the rest of the nation, how the generosity of tax credits affects adoption, and how place-based neighborhood improvement programs influence crime. The first chapter explores the relation between information availability and higher educational attainment in a historically underperforming region, Appalachian Ohio. Appalachia has consistently ranked as one of the poorest regions in the nation, and a possible explanation for this lack of intergenerational income mobility could be the region’s chronically low levels of postsecondary educational attainment. In response to persistently low college attendance rates within Appalachian Ohio, the Ohio General Assembly created a program in 1993 with the express goal of reducing informational barriers to all forms of postsecondary education. An element of the program involved awarding competitive grants to high schools within the region. These grants were specifically designated to encourage college enrollment by funding campus visits, seminars, college fairs, etc. I empirically estimate the impact of these targeted, high school-level grants on college attendance using a difference-in-differences framework. I exploit policy-induced variation in treatment eligibility and timing to compare college attendance rates for high schools that received the grants with those of similar high schools that were ineligible for the program. I digitize historical student inventory data reports from the 1990s to examine treatment effects by institution type. Incorporating multiple datasets, treatment specifications, and control groups, I document three findings: i) no evidence suggests that the grants increased college enrollment overall; ii) there is no evidence that attendance patterns shifted to higher-quality institutions; and iii) estimates suggest the program increased enrollment at previously unattended colleges, expanding students' choice sets upon high school graduation. While information interventions often offer a low-cost option for combating disparities in college enrollment, this paper joins a growing body of literature demonstrating that more direct measures may be needed to successfully increase postsecondary attendance in certain challenging settings. This chapter examines how the federal Adoption Tax Credit affects adoptions and is co-authored with Luke P. Rodgers. The value of the credit varies with many factors, but adoptions from foster care (public adoptions) are the most heavily subsidized. It is unclear if the credit incentivizes the marginal adopter or if it is a simple transfer to those who would have adopted from foster care without the subsidy. To identify the effect of the tax credit, we leverage variation induced by a period of increased tax credit generosity in 2010 and 2011. Prior to 2010, the credit was nonrefundable, but the credit became refundable in 2010 and 2011 and reverted back to a nonrefundable credit in 2012. Most public adoptions during these two years qualified for the full value of the credit (over $13,000 per child) regardless of one’s tax liability, representing a tremendous increase in the value of the credit for parents adopting from foster care. Using county-level data from Florida, we document an average increase of 3.2 additional public adoptions (68 percent) per county immediately before the refundable period ended. While this effect is large, estimates show relative decreases in average adoptions in the first months of 2012, suggesting a retiming of adoptions rather than new adoptions. Importantly, the response appears to be concentrated in higher-income, more populated areas. Poorer, rural counties exhibited no response to the credit's expiration. The final chapter documents the effect of targeted federal spending at the neighborhood level on crime and is co-authored with Carl Kitchens. We analyze the Los Angeles Promise Zone, a five square-mile area in Central Los Angeles that received Promise Zone designation in January 2014. An initiative of the U.S. Department of Housing and Urban Development, the Promise Zone program provides areas with preferred access to grants from federal agencies. Both urban and rural locales are selected based on need; the place-based program targets communities with high unemployment, high poverty, high housing costs, high crime, and poor educational opportunities. The Los Angeles Promise Zone focuses on four primary pillars: economic activity, education, public safety, and neighborhood revitalization. In its first two years, it received more than $100 million in federal grants and received more than $300 million by the end of 2019. To identify the impacts of the Promise Zone designation on criminal outcomes, we combine crime-level data with geographic identifiers and information on the location and timing of the LAPZ designation. We compare the change in reported crimes for areas just inside and just outside the Promise Zone perimeter in a spatial difference-in-differences approach. We find evidence that the total number of reported crimes within the Promise Zone fell after its creation in 2014 relative to nearby areas outside the boundary. Estimates indicate this fall may have been driven by decreases in the number of reported property crimes. Both of these reductions manifested three to four years after treatment. We attribute this net decrease in crime to indirect forces, such as improved educational and economic opportunity, and direct forces, including specific crime-reduction initiatives implemented by the Promise Zone.</marc:subfield>
      </marc:datafield>
      <marc:datafield tag="504" ind1=" " ind2=" ">
         <marc:subfield code="a">Includes bibliographical references.</marc:subfield>
      </marc:datafield>
      <marc:datafield tag="650" ind1=" " ind2="0">
         <marc:subfield code="a">Economics</marc:subfield>
      </marc:datafield>
      <marc:datafield tag="650" ind1=" " ind2="0">
         <marc:subfield code="a">Public policy</marc:subfield>
      </marc:datafield>
      <marc:datafield tag="655" ind1=" " ind2="7">
         <marc:subfield code="a">Electronic Thesis or Dissertation.</marc:subfield>
         <marc:subfield code="2">dct</marc:subfield>
      </marc:datafield>
      <marc:datafield tag="690" ind1=" " ind2="7">
         <marc:subfield code="a">FSU Dissertations.</marc:subfield>
         <marc:subfield code="2">local</marc:subfield>
         <marc:subfield code="9">LOCAL</marc:subfield>
      </marc:datafield>
      <marc:datafield tag="710" ind1="2" ind2=" ">
         <marc:subfield code="a">Florida State University.</marc:subfield>
         <marc:subfield code="e">degree granting instution.</marc:subfield>
         <marc:subfield code="0">http://id.loc.gov/authorities/names/n80126238</marc:subfield>
      </marc:datafield>
      <marc:datafield tag="931" ind1="1" ind2=" ">
         <marc:subfield code="a">Kantor, Shawn Everett</marc:subfield>
         <marc:subfield code="e">professor directing dissertation</marc:subfield>
         <marc:subfield code="9">LOCAL</marc:subfield>
      </marc:datafield>
      <marc:datafield tag="931" ind1="1" ind2=" ">
         <marc:subfield code="a">Gomory, Tomi</marc:subfield>
         <marc:subfield code="e">university representative</marc:subfield>
         <marc:subfield code="9">LOCAL</marc:subfield>
      </marc:datafield>
      <marc:datafield tag="931" ind1="1" ind2=" ">
         <marc:subfield code="a">Kitchens, Carl T.</marc:subfield>
         <marc:subfield code="e">committee member</marc:subfield>
         <marc:subfield code="9">LOCAL</marc:subfield>
      </marc:datafield>
      <marc:datafield tag="931" ind1="1" ind2=" ">
         <marc:subfield code="a">Rodgers, Luke P.</marc:subfield>
         <marc:subfield code="e">committee member</marc:subfield>
         <marc:subfield code="9">LOCAL</marc:subfield>
      </marc:datafield>
      <marc:datafield tag="931" ind1="1" ind2=" ">
         <marc:subfield code="a">Semykina, Anastasia</marc:subfield>
         <marc:subfield code="e">committee member</marc:subfield>
         <marc:subfield code="9">LOCAL</marc:subfield>
      </marc:datafield>
      <marc:datafield tag="932" ind1="2" ind2=" ">
         <marc:subfield code="a">Department of Economics.</marc:subfield>
         <marc:subfield code="9">LOCAL</marc:subfield>
      </marc:datafield>
      <marc:datafield tag="904" ind1=" " ind2=" ">
         <marc:subfield code="a">0</marc:subfield>
         <marc:subfield code="9">LOCAL</marc:subfield>
      </marc:datafield>
   </marc:record>