
   <marc:record>
      <marc:leader>     nam  22     Ki 4500</marc:leader>
      <marc:controlfield tag="006">m     o  d        </marc:controlfield>
      <marc:controlfield tag="007">cr |||||||||||</marc:controlfield>
      <marc:controlfield tag="008">      s2020    flu     obm   000 0  d</marc:controlfield>
      <marc:datafield tag="040" ind1=" " ind2=" ">
         <marc:subfield code="a">FDA</marc:subfield>
         <marc:subfield code="b">eng</marc:subfield>
         <marc:subfield code="e">rda</marc:subfield>
         <marc:subfield code="c">FDA</marc:subfield>
      </marc:datafield>
      <marc:datafield tag="100" ind1="1" ind2=" ">
         <marc:subfield code="a">Wang, Qingpu</marc:subfield>
         <marc:subfield code="e">author</marc:subfield>
      </marc:datafield>
      <marc:datafield tag="245" ind1="1" ind2="0">
         <marc:subfield code="a">Flow-Assisted Self-Organization of Inorganic Membranes in Microfluidic Devices</marc:subfield>
         <marc:subfield code="c">Qingpu Wang</marc:subfield>
      </marc:datafield>
      <marc:datafield tag="264" ind1=" " ind2="1">
         <marc:subfield code="a">Tallahassee, Florida :</marc:subfield>
         <marc:subfield code="b">Florida State University</marc:subfield>
         <marc:subfield code="c">2020</marc:subfield>
      </marc:datafield>
      <marc:datafield tag="300" ind1=" " ind2=" ">
         <marc:subfield code="a">1 online resource (119 pages)</marc:subfield>
      </marc:datafield>
      <marc:datafield tag="336" ind1=" " ind2=" ">
         <marc:subfield code="a">text</marc:subfield>
         <marc:subfield code="b">txt</marc:subfield>
         <marc:subfield code="2">rdacontent</marc:subfield>
      </marc:datafield>
      <marc:datafield tag="337" ind1=" " ind2=" ">
         <marc:subfield code="a">computer</marc:subfield>
         <marc:subfield code="b">c</marc:subfield>
         <marc:subfield code="2">rdamedia</marc:subfield>
      </marc:datafield>
      <marc:datafield tag="338" ind1=" " ind2=" ">
         <marc:subfield code="a">online resource</marc:subfield>
         <marc:subfield code="b">cr</marc:subfield>
         <marc:subfield code="2">rdacarrier</marc:subfield>
      </marc:datafield>
      <marc:datafield tag="347" ind1=" " ind2=" ">
         <marc:subfield code="a">text file</marc:subfield>
         <marc:subfield code="b">PDF</marc:subfield>
         <marc:subfield code="2">rda</marc:subfield>
      </marc:datafield>
      <marc:datafield tag="538" ind1=" " ind2=" ">
         <marc:subfield code="a">System requirements: Adobe Reader or other PDF viewer.</marc:subfield>
      </marc:datafield>
      <marc:datafield tag="588" ind1=" " ind2=" ">
         <marc:subfield code="a">Description based on online resource; title from PDF title page.</marc:subfield>
      </marc:datafield>
      <marc:datafield tag="500" ind1=" " ind2=" ">
         <marc:subfield code="a">Extent pagination is PDF page count.</marc:subfield>
      </marc:datafield>
      <marc:datafield tag="500" ind1=" " ind2=" ">
         <marc:subfield code="a">Advisory committee: Oliver Steinbock, Professor Directing Dissertation; Nicholas G. Cogan, University Representative; Hedi Mattoussi, Committee Member; Wei Yang, Committee Member.</marc:subfield>
      </marc:datafield>
      <marc:datafield tag="500" ind1=" " ind2=" ">
         <marc:subfield code="a">A Dissertation submitted to the Department of Chemistry and Biochemistry in partial fulfillment of the requirements for the degree of Doctor of Philosophy.</marc:subfield>
      </marc:datafield>
      <marc:datafield tag="500" ind1=" " ind2=" ">
         <marc:subfield code="a">Date of Defense: March 31, 2020</marc:subfield>
      </marc:datafield>
      <marc:datafield tag="502" ind1=" " ind2=" ">
         <marc:subfield code="b">Ph.D.</marc:subfield>
         <marc:subfield code="c">Florida State University</marc:subfield>
         <marc:subfield code="d">2020.</marc:subfield>
      </marc:datafield>
      <marc:datafield tag="520" ind1="3" ind2=" ">
         <marc:subfield code="a">Inorganic precipitate membranes play an important role in chemobrionics and origin of life research. They can involve a range of catalytic materials, affect crystal habits, and show complex permeabilities. Microfluidic flows are a powerful tool to drive reactions far from equilibrium and thus induce chemical self­organization. This dissertation documents results obtained from three different studies that utilize Y-shaped microfluidic devices to grow several types of complex inorganic membranes and explore their growth dynamics, catalysis, and reactivity as well as in situ and ex situ characterizations of their chemical compositions. We produce such membranes in a microfluidic device at the reactive interface between laminar streams of hydroxide and Co(II) solutions. The resulting linear membranes show striking color bands that over time expand in the direction of the Co(II) solution. The cumulative layer thicknesses (here up to 600 µm) obey square root laws indicating diffusion control. The effective diffusion coefficients are proportional to the hydroxide concentration but the membrane growth slows down with increasing concentrations of Co(II). Based on spatially resolved Raman spectra and other techniques, we present chemical assignments of the involved materials. Electron microscopy reveals that the important constituent alpha-Co(OH)2 crystallizes as thin hexagonal microplatelets. Under drying, the membrane curls into spirals revealing mechanical differences between the layers. The layered structures indicate steep chemical gradients at the interface. We also synthesize mineral membranes and test their ability to catalyze the formation of pyrophosphate from phosphate and acetyl phosphate across steep pH gradients in microfluidic devices. The mineral membranes involve iron(II), iron(III), and other divalent metal cations (calcium, manganese, cobalt, copper, zinc, and nickel). We then study the chemical compositions of the precipitate membranes (which included vivianite, goethite, and green rust) using in-situ and ex-situ micro-Raman spectroscopy. The yields of pyrophosphate are determined by aqueous 31P NMR spectroscopy. We found that Fe(II)+ and Ca(II) are the best catalysts for pyrophosphate synthesis among investigated ions; Fe(III) and mixed-valence iron membranes are also able to promote pyrophosphate formation. In addition, the pH gradients across the membranes affect the pyrophosphate yields and the smallest pH gradient results in the highest yield. Since pyrophosphate might have functioned as an energy storage/currency molecule on early Earth, essential for the emergence of life, These results suggest a possible route of substrate phosphorylation in prebiotic hydrothermal systems. Studies of membrane formation in microfluidic devices have been limited to non-redox and purely inorganic reactions. Here, we also investigate the formation of hybrid membranes at the interface of silver nitrate and 3,3',5,5'-tetramethylbenzidine solutions that are steadily co-injected into a microfluidic device. The membrane thickening occurs in both directions and reveals oscillatory dynamics. The hybrid membrane mainly consists of hair-like Ag microstructures, Ag nanowires, and unbranched TMB-TMB2+ microfibers. Branched dendrite-like fibers form on the TMB side when the flow is stopped. We characterize these components with techniques including micro-Raman and energy dispersive X-ray spectroscopy as well as scanning electron microscopy. We also study the effects of initial concentration ratios on the membrane thickening speed and its opaqueness. This dissertation focuses on the self-organization of purely inorganic membranes and organic-inorganic hybrid membranes at the interface of fluid flow in microfluidic devices and demonstrates an application to the origins-of-life research by forming simulated hydrothermal vent precipitates with steep gradients.</marc:subfield>
      </marc:datafield>
      <marc:datafield tag="504" ind1=" " ind2=" ">
         <marc:subfield code="a">Includes bibliographical references.</marc:subfield>
      </marc:datafield>
      <marc:datafield tag="650" ind1=" " ind2="0">
         <marc:subfield code="a">Chemistry</marc:subfield>
      </marc:datafield>
      <marc:datafield tag="655" ind1=" " ind2="7">
         <marc:subfield code="a">Electronic Thesis or Dissertation.</marc:subfield>
         <marc:subfield code="2">dct</marc:subfield>
      </marc:datafield>
      <marc:datafield tag="690" ind1=" " ind2="7">
         <marc:subfield code="a">FSU Dissertations.</marc:subfield>
         <marc:subfield code="2">local</marc:subfield>
         <marc:subfield code="9">LOCAL</marc:subfield>
      </marc:datafield>
      <marc:datafield tag="710" ind1="2" ind2=" ">
         <marc:subfield code="a">Florida State University.</marc:subfield>
         <marc:subfield code="e">degree granting instution.</marc:subfield>
         <marc:subfield code="0">http://id.loc.gov/authorities/names/n80126238</marc:subfield>
      </marc:datafield>
      <marc:datafield tag="931" ind1="1" ind2=" ">
         <marc:subfield code="a">Steinbock, Oliver</marc:subfield>
         <marc:subfield code="e">professor directing dissertation</marc:subfield>
         <marc:subfield code="9">LOCAL</marc:subfield>
      </marc:datafield>
      <marc:datafield tag="931" ind1="1" ind2=" ">
         <marc:subfield code="a">Cogan, Nicholas G.</marc:subfield>
         <marc:subfield code="e">university representative</marc:subfield>
         <marc:subfield code="9">LOCAL</marc:subfield>
      </marc:datafield>
      <marc:datafield tag="931" ind1="1" ind2=" ">
         <marc:subfield code="a">Mattoussi, Hedi</marc:subfield>
         <marc:subfield code="e">committee member</marc:subfield>
         <marc:subfield code="9">LOCAL</marc:subfield>
      </marc:datafield>
      <marc:datafield tag="931" ind1="1" ind2=" ">
         <marc:subfield code="a">Yang, Wei</marc:subfield>
         <marc:subfield code="e">committee member</marc:subfield>
         <marc:subfield code="9">LOCAL</marc:subfield>
      </marc:datafield>
      <marc:datafield tag="932" ind1="2" ind2=" ">
         <marc:subfield code="a">Department of Chemistry and Biochemistry.</marc:subfield>
         <marc:subfield code="9">LOCAL</marc:subfield>
      </marc:datafield>
      <marc:datafield tag="904" ind1=" " ind2=" ">
         <marc:subfield code="a">0</marc:subfield>
         <marc:subfield code="9">LOCAL</marc:subfield>
      </marc:datafield>
   </marc:record>