
   <marc:record>
      <marc:leader>     nam  22     Ki 4500</marc:leader>
      <marc:controlfield tag="006">m     o  d        </marc:controlfield>
      <marc:controlfield tag="007">cr |||||||||||</marc:controlfield>
      <marc:controlfield tag="008">      s2020    flu     obm   000 0  d</marc:controlfield>
      <marc:datafield tag="040" ind1=" " ind2=" ">
         <marc:subfield code="a">FDA</marc:subfield>
         <marc:subfield code="b">eng</marc:subfield>
         <marc:subfield code="e">rda</marc:subfield>
         <marc:subfield code="c">FDA</marc:subfield>
      </marc:datafield>
      <marc:datafield tag="100" ind1="1" ind2=" ">
         <marc:subfield code="a">Wang, Hailan</marc:subfield>
         <marc:subfield code="e">author</marc:subfield>
      </marc:datafield>
      <marc:datafield tag="245" ind1="1" ind2="0">
         <marc:subfield code="a">Navigating Agency and Identity :</marc:subfield>
         <marc:subfield code="b">The Stories of Learning to Teach of International Teaching Assistants in the United States</marc:subfield>
         <marc:subfield code="c">Hailan Wang</marc:subfield>
      </marc:datafield>
      <marc:datafield tag="264" ind1=" " ind2="1">
         <marc:subfield code="a">Tallahassee, Florida :</marc:subfield>
         <marc:subfield code="b">Florida State University</marc:subfield>
         <marc:subfield code="c">2020</marc:subfield>
      </marc:datafield>
      <marc:datafield tag="300" ind1=" " ind2=" ">
         <marc:subfield code="a">1 online resource (164 pages)</marc:subfield>
      </marc:datafield>
      <marc:datafield tag="336" ind1=" " ind2=" ">
         <marc:subfield code="a">text</marc:subfield>
         <marc:subfield code="b">txt</marc:subfield>
         <marc:subfield code="2">rdacontent</marc:subfield>
      </marc:datafield>
      <marc:datafield tag="337" ind1=" " ind2=" ">
         <marc:subfield code="a">computer</marc:subfield>
         <marc:subfield code="b">c</marc:subfield>
         <marc:subfield code="2">rdamedia</marc:subfield>
      </marc:datafield>
      <marc:datafield tag="338" ind1=" " ind2=" ">
         <marc:subfield code="a">online resource</marc:subfield>
         <marc:subfield code="b">cr</marc:subfield>
         <marc:subfield code="2">rdacarrier</marc:subfield>
      </marc:datafield>
      <marc:datafield tag="347" ind1=" " ind2=" ">
         <marc:subfield code="a">text file</marc:subfield>
         <marc:subfield code="b">PDF</marc:subfield>
         <marc:subfield code="2">rda</marc:subfield>
      </marc:datafield>
      <marc:datafield tag="538" ind1=" " ind2=" ">
         <marc:subfield code="a">System requirements: Adobe Reader or other PDF viewer.</marc:subfield>
      </marc:datafield>
      <marc:datafield tag="588" ind1=" " ind2=" ">
         <marc:subfield code="a">Description based on online resource; title from PDF title page.</marc:subfield>
      </marc:datafield>
      <marc:datafield tag="500" ind1=" " ind2=" ">
         <marc:subfield code="a">Extent pagination is PDF page count.</marc:subfield>
      </marc:datafield>
      <marc:datafield tag="500" ind1=" " ind2=" ">
         <marc:subfield code="a">Advisory committee: Philip V. Hiver, Professor Co-Directing Dissertation; Lama Jaber, Professor Co-Directing Dissertation; Michael Giardina, University Representative; Sherry A. Southerland, Committee Member.</marc:subfield>
      </marc:datafield>
      <marc:datafield tag="500" ind1=" " ind2=" ">
         <marc:subfield code="a">A Dissertation submitted to the School of Teacher Education in partial fulfillment of the requirements for the degree of Doctor of Philosophy.</marc:subfield>
      </marc:datafield>
      <marc:datafield tag="500" ind1=" " ind2=" ">
         <marc:subfield code="a">Date of Defense: March 25, 2020</marc:subfield>
      </marc:datafield>
      <marc:datafield tag="500" ind1=" " ind2=" ">
         <marc:subfield code="a">Keywords: Agency, Identity Construction, International Teaching Assistants</marc:subfield>
      </marc:datafield>
      <marc:datafield tag="502" ind1=" " ind2=" ">
         <marc:subfield code="b">Ph.D.</marc:subfield>
         <marc:subfield code="c">Florida State University</marc:subfield>
         <marc:subfield code="d">2020.</marc:subfield>
      </marc:datafield>
      <marc:datafield tag="520" ind1="3" ind2=" ">
         <marc:subfield code="a">The past three decades have witnessed a rapid growth in the number of international teaching assistants (ITAs) in U.S. colleges and universities. Since the early 1980s, the dominant line of ITA research has focused on ITAs’ instructional discourse with the goal of developing effective ITA training programs that enhance the English proficiency, public speaking, and communicative competence of ITAs. In U.S. colleges and universities, ITAs are often viewed negatively as a homogeneous group that demonstrates limited English proficiency and teaching competence. As the U.S. academic community becomes increasingly diverse, a growing number of researchers have proposed that American universities value the unique contributions and the multicultural, multilingual identity of ITAs. Little has been explored, however, on ITAs’ agency and their identity construction in teaching. Using a case study approach, this study investigates how five ITAs achieved their agency and constructed their identity in teaching throughout their college teaching experiences in the U.S. Guided by Emirbayer and Mische’s (1998) conceptualization of agency, this study examines the contextual factors that influenced these ITAs’ achievement of agency in real-life teaching settings. Informed by the identity work in the field of teacher education, the study also explores how ITAs constructed their unique identity in teaching. Data of the current study came from multiple sources, including semi-structured interviews, class observations, and stimulated recall (SR) interviews. First of all, I conducted a semi-structured interview with each participant in order to gain insights into his or her personal history, college teaching experience, and teaching reflection. Next, I collected classroom observational data during the Fall semester 2018 and Spring semester 2019. From the observational data, specific classroom episodes reflecting ITAs’ agency and identity in teaching were then selected as the entry points of SR interviews. All data were analyzed in NVivo 12 using a combination of in vivo, process, affective, and pattern codes. The findings of the study highlight the challenges that these ITAs encountered throughout their teaching experiences and the efforts they made to overcome these challenges. Moreover, classroom episodes and SR interviews reveal factors, such as autonomy, peer and departmental support, ITAs’ cultural backgrounds, and their professional experiences, had played critical roles in fostering their agency in teaching. ITAs were also found drawing from their personal and professional identities in teaching. These identity aspects included personal beliefs, personal stories, English as a second language (ESL) background, the role of a student, cross-disciplinary experience, as well as research expertise. Following these findings, I outline the theoretical and practical implications as well as future research directions. First, the study offers both narrative and observational evidence of how contextual factors in teaching can influence ITAs’ achievement of the agency. Second, the study suggests that ITAs’ personal and professional aspects of identity can be used as pedagogical resources in teaching. Third, ITAs’ hosting departments need to introduce a strong support system that promotes ITAs’ agency in teaching. Fourth, the university wide ITA program needs to empower ITAs to capitalize on their own identity as pedagogy to teach. Last, future ITA researchers can explore ITAs’ agency in different disciplinary areas and direct more attention to the ITA’s vulnerability in teaching.</marc:subfield>
      </marc:datafield>
      <marc:datafield tag="504" ind1=" " ind2=" ">
         <marc:subfield code="a">Includes bibliographical references.</marc:subfield>
      </marc:datafield>
      <marc:datafield tag="655" ind1=" " ind2="7">
         <marc:subfield code="a">Electronic Thesis or Dissertation.</marc:subfield>
         <marc:subfield code="2">dct</marc:subfield>
      </marc:datafield>
      <marc:datafield tag="690" ind1=" " ind2="7">
         <marc:subfield code="a">FSU Dissertations.</marc:subfield>
         <marc:subfield code="2">local</marc:subfield>
         <marc:subfield code="9">LOCAL</marc:subfield>
      </marc:datafield>
      <marc:datafield tag="710" ind1="2" ind2=" ">
         <marc:subfield code="a">Florida State University.</marc:subfield>
         <marc:subfield code="e">degree granting instution.</marc:subfield>
         <marc:subfield code="0">http://id.loc.gov/authorities/names/n80126238</marc:subfield>
      </marc:datafield>
      <marc:datafield tag="931" ind1="1" ind2=" ">
         <marc:subfield code="a">Hiver, Philip V.</marc:subfield>
         <marc:subfield code="e">professor co-directing dissertation</marc:subfield>
         <marc:subfield code="9">LOCAL</marc:subfield>
      </marc:datafield>
      <marc:datafield tag="931" ind1="1" ind2=" ">
         <marc:subfield code="a">Jaber, Lama</marc:subfield>
         <marc:subfield code="e">professor co-directing dissertation</marc:subfield>
         <marc:subfield code="9">LOCAL</marc:subfield>
      </marc:datafield>
      <marc:datafield tag="931" ind1="1" ind2=" ">
         <marc:subfield code="a">Giardina, Michael D.</marc:subfield>
         <marc:subfield code="d">1976-</marc:subfield>
         <marc:subfield code="e">university representative</marc:subfield>
         <marc:subfield code="9">LOCAL</marc:subfield>
      </marc:datafield>
      <marc:datafield tag="931" ind1="1" ind2=" ">
         <marc:subfield code="a">Southerland, Sherry A.</marc:subfield>
         <marc:subfield code="d">1962-</marc:subfield>
         <marc:subfield code="e">committee member</marc:subfield>
         <marc:subfield code="9">LOCAL</marc:subfield>
      </marc:datafield>
      <marc:datafield tag="932" ind1="2" ind2=" ">
         <marc:subfield code="a">School of Teacher Education.</marc:subfield>
         <marc:subfield code="9">LOCAL</marc:subfield>
      </marc:datafield>
      <marc:datafield tag="904" ind1=" " ind2=" ">
         <marc:subfield code="a">0</marc:subfield>
         <marc:subfield code="9">LOCAL</marc:subfield>
      </marc:datafield>
   </marc:record>