
   <marc:record>
      <marc:leader>     nam  22     Ki 4500</marc:leader>
      <marc:controlfield tag="006">m     o  d        </marc:controlfield>
      <marc:controlfield tag="007">cr |||||||||||</marc:controlfield>
      <marc:controlfield tag="008">      s2020    flu     obm   000 0  d</marc:controlfield>
      <marc:datafield tag="040" ind1=" " ind2=" ">
         <marc:subfield code="a">FDA</marc:subfield>
         <marc:subfield code="b">eng</marc:subfield>
         <marc:subfield code="e">rda</marc:subfield>
         <marc:subfield code="c">FDA</marc:subfield>
      </marc:datafield>
      <marc:datafield tag="100" ind1="1" ind2=" ">
         <marc:subfield code="a">Whittington, Kirby Marie Browning</marc:subfield>
         <marc:subfield code="e">author</marc:subfield>
      </marc:datafield>
      <marc:datafield tag="245" ind1="1" ind2="0">
         <marc:subfield code="a">Understanding Equity in the Design of Pre-Service Science Teacher Lesson Plans</marc:subfield>
         <marc:subfield code="c">Kirby Marie Browning Whittington</marc:subfield>
      </marc:datafield>
      <marc:datafield tag="264" ind1=" " ind2="1">
         <marc:subfield code="a">Tallahassee, Florida :</marc:subfield>
         <marc:subfield code="b">Florida State University</marc:subfield>
         <marc:subfield code="c">2020</marc:subfield>
      </marc:datafield>
      <marc:datafield tag="300" ind1=" " ind2=" ">
         <marc:subfield code="a">1 online resource (205 pages)</marc:subfield>
      </marc:datafield>
      <marc:datafield tag="336" ind1=" " ind2=" ">
         <marc:subfield code="a">text</marc:subfield>
         <marc:subfield code="b">txt</marc:subfield>
         <marc:subfield code="2">rdacontent</marc:subfield>
      </marc:datafield>
      <marc:datafield tag="337" ind1=" " ind2=" ">
         <marc:subfield code="a">computer</marc:subfield>
         <marc:subfield code="b">c</marc:subfield>
         <marc:subfield code="2">rdamedia</marc:subfield>
      </marc:datafield>
      <marc:datafield tag="338" ind1=" " ind2=" ">
         <marc:subfield code="a">online resource</marc:subfield>
         <marc:subfield code="b">cr</marc:subfield>
         <marc:subfield code="2">rdacarrier</marc:subfield>
      </marc:datafield>
      <marc:datafield tag="347" ind1=" " ind2=" ">
         <marc:subfield code="a">text file</marc:subfield>
         <marc:subfield code="b">PDF</marc:subfield>
         <marc:subfield code="2">rda</marc:subfield>
      </marc:datafield>
      <marc:datafield tag="538" ind1=" " ind2=" ">
         <marc:subfield code="a">System requirements: Adobe Reader or other PDF viewer.</marc:subfield>
      </marc:datafield>
      <marc:datafield tag="588" ind1=" " ind2=" ">
         <marc:subfield code="a">Description based on online resource; title from PDF title page.</marc:subfield>
      </marc:datafield>
      <marc:datafield tag="500" ind1=" " ind2=" ">
         <marc:subfield code="a">Extent pagination is PDF page count.</marc:subfield>
      </marc:datafield>
      <marc:datafield tag="500" ind1=" " ind2=" ">
         <marc:subfield code="a">Advisory committee: Sherry A. Southerland, Professor Co-Directing Dissertation; Miray Tekkumru-Kisa, Professor Co-Directing Dissertation; Joseph Travis, University Representative; Christine Andrews-Larson, Committee Member; Courtney Preston, Committee Member.</marc:subfield>
      </marc:datafield>
      <marc:datafield tag="500" ind1=" " ind2=" ">
         <marc:subfield code="a">A Dissertation submitted to the School of Teacher Education in partial fulfillment of the requirements for the degree of Doctorate of Philosophy.</marc:subfield>
      </marc:datafield>
      <marc:datafield tag="500" ind1=" " ind2=" ">
         <marc:subfield code="a">Date of Defense: February 25, 2020</marc:subfield>
      </marc:datafield>
      <marc:datafield tag="502" ind1=" " ind2=" ">
         <marc:subfield code="b">Ph.D.</marc:subfield>
         <marc:subfield code="c">Florida State University</marc:subfield>
         <marc:subfield code="d">2020.</marc:subfield>
      </marc:datafield>
      <marc:datafield tag="520" ind1="3" ind2=" ">
         <marc:subfield code="a">Research has continually shown that minoritized students are lower performing on standardized assessment and represent only a small portion of the Science, technology, engineering, and mathematics (STEM) profession. These trends are likely an artifact of the lack of opportunity for minoritized students to engage in learning that is not only rigorous but also allows them to integrate their funds of knowledge developed through their culture and past experiences. Instruction that contains such aspects (rigor and attention to funds of knowledge) have separately been shown to benefit minoritized students’ achievement, motivation, and persistence in STEM. As such, these components of instruction represent equitable means for teaching minoritized student populations. Unfortunately, much of the work related to equitable instruction has dealt either with attending to students funds of knowledge or rigorous instruction; with few scholars attending to both. Implementing both rigorous instruction and instruction that attends to students funds of knowledge has been shown to be difficult for many teachers. Teacher preparation programs offer a critical component in helping to prepare science teachers for rigorous instruction that attends to students’ funds of knowledge since they provide prolonged support for pre-service teachers. Teacher preparation programs provide spaces for shaping teacher thinking, extensive feedback, rehearsals, reflection, scaffolded support, etc. These components have been shown to be important for changing practice and thinking. If the goal for teachers is to create equitable instruction for minoritized students then explicit attention to developing instruction that attends to these aspects will be of particular importance for teacher preparation programs. This dissertation addresses the gaps in the understanding of the type of instruction pre-service science teachers design to provide insights into areas of improvement for teacher education programs. As such, this work focuses on exploratory studies of pre-service teacher practice and thinking. Each manuscript focuses on an aspect needed to create equitable learning opportunities for students. The first manuscript address equity through the lens of rigor. By looking at the lessons designed to be implemented within the classroom, this manuscript addresses the level and type of thinking pre-service teachers intend to have their students engage in. Using the lesson plans of seven pre-service science teachers, this manuscript discusses areas to be addressed by pre-service teacher preparation programs to increase the rigor for all students, specifically in high-needs schools serving populations of primarily minoritized students. The second manuscript addresses the second component of equitable instruction, that is attending to students funds of knowledge. Using the same lesson plans from the seven pre-service teachers, this manuscript seeks to uncover how pre-service science teachers sought to make their lessons relevant to students. We distinguish between constructed relevance that does not take into account the students in the classroom and relevance that is based on students’ funds of knowledge. The findings indicate productive beginnings and areas for improving the type of funds of knowledge pre-service science teachers draw upon and where these funds of knowledge are integrated within the lesson plans. Shaping teacher practice is often tightly linked to teacher thinking about students and instruction. To address this, the third manuscript looks at how three pre-service science teachers think about culture. Using interview data, this manuscript posits that pre-service science teacher thinking can be thought about in terms of a collection of resources around culture. This notion builds on work from others around different resources individuals activate in their thinking. The findings of this manuscript discuss the five resources found within the data and how these resources were shown to be activated in productive and unproductive ways for fostering equitable instruction. The findings are discussed in terms of how they can shape pre-service teacher preparation programs and future research in the area of teacher thinking around culture. Taken together, this work addresses the gaps in knowledge about how to best assist pre-service science teachers in creating equitable science instruction for minoritized students. By examining specific aspects of pre-service teacher practice and thinking, this dissertation seeks to move beyond general conversation of whether pre-service teachers are or are not providing equitable instruction to thinking about nuanced areas that can be addressed. Therefore, the findings in this dissertation point to specific and targetable areas that can be the focus of teacher preparation programs.</marc:subfield>
      </marc:datafield>
      <marc:datafield tag="504" ind1=" " ind2=" ">
         <marc:subfield code="a">Includes bibliographical references.</marc:subfield>
      </marc:datafield>
      <marc:datafield tag="506" ind1=" " ind2=" ">
         <marc:subfield code="a">This thesis/dissertation may be embargoed for a limited time. Click access link to check availability.</marc:subfield>
      </marc:datafield>
      <marc:datafield tag="650" ind1=" " ind2="0">
         <marc:subfield code="a">Science</marc:subfield>
         <marc:subfield code="x">Study and teaching</marc:subfield>
      </marc:datafield>
      <marc:datafield tag="655" ind1=" " ind2="7">
         <marc:subfield code="a">Electronic Thesis or Dissertation.</marc:subfield>
         <marc:subfield code="2">dct</marc:subfield>
      </marc:datafield>
      <marc:datafield tag="690" ind1=" " ind2="7">
         <marc:subfield code="a">FSU Dissertations.</marc:subfield>
         <marc:subfield code="2">local</marc:subfield>
         <marc:subfield code="9">LOCAL</marc:subfield>
      </marc:datafield>
      <marc:datafield tag="710" ind1="2" ind2=" ">
         <marc:subfield code="a">Florida State University.</marc:subfield>
         <marc:subfield code="e">degree granting instution.</marc:subfield>
         <marc:subfield code="0">http://id.loc.gov/authorities/names/n80126238</marc:subfield>
      </marc:datafield>
      <marc:datafield tag="931" ind1="1" ind2=" ">
         <marc:subfield code="a">Southerland, Sherry A.</marc:subfield>
         <marc:subfield code="d">1962-</marc:subfield>
         <marc:subfield code="e">professor co-directing dissertation</marc:subfield>
         <marc:subfield code="9">LOCAL</marc:subfield>
      </marc:datafield>
      <marc:datafield tag="931" ind1="1" ind2=" ">
         <marc:subfield code="a">Tekkumru-Kisa, Miray</marc:subfield>
         <marc:subfield code="e">professor co-directing dissertation</marc:subfield>
         <marc:subfield code="9">LOCAL</marc:subfield>
      </marc:datafield>
      <marc:datafield tag="931" ind1="1" ind2=" ">
         <marc:subfield code="a">Travis, Joseph</marc:subfield>
         <marc:subfield code="d">1953-</marc:subfield>
         <marc:subfield code="e">university representative</marc:subfield>
         <marc:subfield code="9">LOCAL</marc:subfield>
      </marc:datafield>
      <marc:datafield tag="931" ind1="1" ind2=" ">
         <marc:subfield code="a">Larson, Christine</marc:subfield>
         <marc:subfield code="q">(Christine J.)</marc:subfield>
         <marc:subfield code="e">committee member</marc:subfield>
         <marc:subfield code="9">LOCAL</marc:subfield>
      </marc:datafield>
      <marc:datafield tag="931" ind1="1" ind2=" ">
         <marc:subfield code="a">Preston, Courtney</marc:subfield>
         <marc:subfield code="e">committee member</marc:subfield>
         <marc:subfield code="9">LOCAL</marc:subfield>
      </marc:datafield>
      <marc:datafield tag="932" ind1="2" ind2=" ">
         <marc:subfield code="a">School of Teacher Education.</marc:subfield>
         <marc:subfield code="9">LOCAL</marc:subfield>
      </marc:datafield>
      <marc:datafield tag="904" ind1=" " ind2=" ">
         <marc:subfield code="a">4</marc:subfield>
         <marc:subfield code="9">LOCAL</marc:subfield>
      </marc:datafield>
   </marc:record>