
   <marc:record>
      <marc:leader>     nam  22     Ki 4500</marc:leader>
      <marc:controlfield tag="006">m     o  d        </marc:controlfield>
      <marc:controlfield tag="007">cr |||||||||||</marc:controlfield>
      <marc:controlfield tag="008">      s2020    flu     obm   000 0  d</marc:controlfield>
      <marc:datafield tag="040" ind1=" " ind2=" ">
         <marc:subfield code="a">FDA</marc:subfield>
         <marc:subfield code="b">eng</marc:subfield>
         <marc:subfield code="e">rda</marc:subfield>
         <marc:subfield code="c">FDA</marc:subfield>
      </marc:datafield>
      <marc:datafield tag="100" ind1="1" ind2=" ">
         <marc:subfield code="a">Wilson, David Alan</marc:subfield>
         <marc:subfield code="e">author</marc:subfield>
      </marc:datafield>
      <marc:datafield tag="245" ind1="1" ind2="0">
         <marc:subfield code="a">Examining Nomadic Foragers :</marc:subfield>
         <marc:subfield code="b">Stable Isotope Analysis of Megafaunal Materials from Southeast United States Paleoindian Sites</marc:subfield>
         <marc:subfield code="c">David Alan Wilson</marc:subfield>
      </marc:datafield>
      <marc:datafield tag="264" ind1=" " ind2="1">
         <marc:subfield code="a">Tallahassee, Florida :</marc:subfield>
         <marc:subfield code="b">Florida State University</marc:subfield>
         <marc:subfield code="c">2020</marc:subfield>
      </marc:datafield>
      <marc:datafield tag="300" ind1=" " ind2=" ">
         <marc:subfield code="a">1 online resource (104 pages)</marc:subfield>
      </marc:datafield>
      <marc:datafield tag="336" ind1=" " ind2=" ">
         <marc:subfield code="a">text</marc:subfield>
         <marc:subfield code="b">txt</marc:subfield>
         <marc:subfield code="2">rdacontent</marc:subfield>
      </marc:datafield>
      <marc:datafield tag="337" ind1=" " ind2=" ">
         <marc:subfield code="a">computer</marc:subfield>
         <marc:subfield code="b">c</marc:subfield>
         <marc:subfield code="2">rdamedia</marc:subfield>
      </marc:datafield>
      <marc:datafield tag="338" ind1=" " ind2=" ">
         <marc:subfield code="a">online resource</marc:subfield>
         <marc:subfield code="b">cr</marc:subfield>
         <marc:subfield code="2">rdacarrier</marc:subfield>
      </marc:datafield>
      <marc:datafield tag="347" ind1=" " ind2=" ">
         <marc:subfield code="a">text file</marc:subfield>
         <marc:subfield code="b">PDF</marc:subfield>
         <marc:subfield code="2">rda</marc:subfield>
      </marc:datafield>
      <marc:datafield tag="538" ind1=" " ind2=" ">
         <marc:subfield code="a">System requirements: Adobe Reader or other PDF viewer.</marc:subfield>
      </marc:datafield>
      <marc:datafield tag="588" ind1=" " ind2=" ">
         <marc:subfield code="a">Description based on online resource; title from PDF title page.</marc:subfield>
      </marc:datafield>
      <marc:datafield tag="500" ind1=" " ind2=" ">
         <marc:subfield code="a">Extent pagination is PDF page count.</marc:subfield>
      </marc:datafield>
      <marc:datafield tag="500" ind1=" " ind2=" ">
         <marc:subfield code="a">Advisory committee: Jessi J. Halligan, Professor Directing Thesis; Rochelle A. Marrinan, Committee Member; Yang Wang, Committee Member.</marc:subfield>
      </marc:datafield>
      <marc:datafield tag="500" ind1=" " ind2=" ">
         <marc:subfield code="a">A Thesis submitted to the Department of Anthropology in partial fulfillment of the requirements for the degree of Master of Science.</marc:subfield>
      </marc:datafield>
      <marc:datafield tag="500" ind1=" " ind2=" ">
         <marc:subfield code="a">Date of Defense: March 30, 2020</marc:subfield>
      </marc:datafield>
      <marc:datafield tag="500" ind1=" " ind2=" ">
         <marc:subfield code="a">Keywords: archaeology, geochemistry, isotope, paleoindian, Pleistocene, southeast</marc:subfield>
      </marc:datafield>
      <marc:datafield tag="502" ind1=" " ind2=" ">
         <marc:subfield code="b">M.S.</marc:subfield>
         <marc:subfield code="c">Florida State University</marc:subfield>
         <marc:subfield code="d">2020.</marc:subfield>
      </marc:datafield>
      <marc:datafield tag="520" ind1="3" ind2=" ">
         <marc:subfield code="a">Archaeological excavations in Florida have recovered numerous specimens of megafauna over the past decades. A sample of these specimens have been subject to carbon and oxygen stable isotope analysis to determine individual diet and water consumption. The data from a total of nine specimens from five different terminal Pleistocene sites with ages ranging from 14,750 – 11,300 cal. years BP from three river basins indicates a possible seasonal water/food resource rotation for these species tied to local availability with changing seasons, or migration activity. The data also indicates a difference in food consumption between the species that is supported by other literature. The findings provide additional insight to the seasonal availability of these species on the landscape for human exploitation, as well as the seasonal availability of floral and water resources on the landscape during the Pleistocene.</marc:subfield>
      </marc:datafield>
      <marc:datafield tag="504" ind1=" " ind2=" ">
         <marc:subfield code="a">Includes bibliographical references.</marc:subfield>
      </marc:datafield>
      <marc:datafield tag="506" ind1=" " ind2=" ">
         <marc:subfield code="a">This thesis/dissertation may be embargoed for a limited time. Click access link to check availability.</marc:subfield>
      </marc:datafield>
      <marc:datafield tag="650" ind1=" " ind2="0">
         <marc:subfield code="a">Archaeology</marc:subfield>
      </marc:datafield>
      <marc:datafield tag="650" ind1=" " ind2="0">
         <marc:subfield code="a">Geochemistry</marc:subfield>
      </marc:datafield>
      <marc:datafield tag="655" ind1=" " ind2="7">
         <marc:subfield code="a">Electronic Thesis or Dissertation.</marc:subfield>
         <marc:subfield code="2">dct</marc:subfield>
      </marc:datafield>
      <marc:datafield tag="690" ind1=" " ind2="7">
         <marc:subfield code="a">FSU Dissertations.</marc:subfield>
         <marc:subfield code="2">local</marc:subfield>
         <marc:subfield code="9">LOCAL</marc:subfield>
      </marc:datafield>
      <marc:datafield tag="710" ind1="2" ind2=" ">
         <marc:subfield code="a">Florida State University.</marc:subfield>
         <marc:subfield code="e">degree granting instution.</marc:subfield>
         <marc:subfield code="0">http://id.loc.gov/authorities/names/n80126238</marc:subfield>
      </marc:datafield>
      <marc:datafield tag="931" ind1="1" ind2=" ">
         <marc:subfield code="a">Halligan, Jessi J.</marc:subfield>
         <marc:subfield code="e">professor directing thesis</marc:subfield>
         <marc:subfield code="9">LOCAL</marc:subfield>
      </marc:datafield>
      <marc:datafield tag="931" ind1="1" ind2=" ">
         <marc:subfield code="a">Marrinan, Rochelle A.</marc:subfield>
         <marc:subfield code="e">committee member</marc:subfield>
         <marc:subfield code="9">LOCAL</marc:subfield>
      </marc:datafield>
      <marc:datafield tag="931" ind1="1" ind2=" ">
         <marc:subfield code="a">Wang, Yang</marc:subfield>
         <marc:subfield code="c">(Professor of Earth Ocean and Atmospheric Science)</marc:subfield>
         <marc:subfield code="e">committee member</marc:subfield>
         <marc:subfield code="9">LOCAL</marc:subfield>
      </marc:datafield>
      <marc:datafield tag="932" ind1="2" ind2=" ">
         <marc:subfield code="a">Department of Anthropology.</marc:subfield>
         <marc:subfield code="9">LOCAL</marc:subfield>
      </marc:datafield>
      <marc:datafield tag="904" ind1=" " ind2=" ">
         <marc:subfield code="a">4</marc:subfield>
         <marc:subfield code="9">LOCAL</marc:subfield>
      </marc:datafield>
   </marc:record>