
   <marc:record>
      <marc:leader>     nam  22     Ki 4500</marc:leader>
      <marc:controlfield tag="006">m     o  d        </marc:controlfield>
      <marc:controlfield tag="007">cr |||||||||||</marc:controlfield>
      <marc:controlfield tag="008">      s2020    flu     obm   000 0  d</marc:controlfield>
      <marc:datafield tag="040" ind1=" " ind2=" ">
         <marc:subfield code="a">FDA</marc:subfield>
         <marc:subfield code="b">eng</marc:subfield>
         <marc:subfield code="e">rda</marc:subfield>
         <marc:subfield code="c">FDA</marc:subfield>
      </marc:datafield>
      <marc:datafield tag="100" ind1="1" ind2=" ">
         <marc:subfield code="a">Young, Brae Campion</marc:subfield>
         <marc:subfield code="e">author</marc:subfield>
      </marc:datafield>
      <marc:datafield tag="245" ind1="1" ind2="0">
         <marc:subfield code="a">Family Ties and Incarceration :</marc:subfield>
         <marc:subfield code="b">Examining the Effects of Family Visitation on Prosocial Changes and Recidivism among Incarcerated Juvenile
         Offenders</marc:subfield>
         <marc:subfield code="c">Brae Campion Young</marc:subfield>
      </marc:datafield>
      <marc:datafield tag="264" ind1=" " ind2="1">
         <marc:subfield code="a">Tallahassee, Florida :</marc:subfield>
         <marc:subfield code="b">Florida State University</marc:subfield>
         <marc:subfield code="c">2020</marc:subfield>
      </marc:datafield>
      <marc:datafield tag="300" ind1=" " ind2=" ">
         <marc:subfield code="a">1 online resource (151 pages)</marc:subfield>
      </marc:datafield>
      <marc:datafield tag="336" ind1=" " ind2=" ">
         <marc:subfield code="a">text</marc:subfield>
         <marc:subfield code="b">txt</marc:subfield>
         <marc:subfield code="2">rdacontent</marc:subfield>
      </marc:datafield>
      <marc:datafield tag="337" ind1=" " ind2=" ">
         <marc:subfield code="a">computer</marc:subfield>
         <marc:subfield code="b">c</marc:subfield>
         <marc:subfield code="2">rdamedia</marc:subfield>
      </marc:datafield>
      <marc:datafield tag="338" ind1=" " ind2=" ">
         <marc:subfield code="a">online resource</marc:subfield>
         <marc:subfield code="b">cr</marc:subfield>
         <marc:subfield code="2">rdacarrier</marc:subfield>
      </marc:datafield>
      <marc:datafield tag="347" ind1=" " ind2=" ">
         <marc:subfield code="a">text file</marc:subfield>
         <marc:subfield code="b">PDF</marc:subfield>
         <marc:subfield code="2">rda</marc:subfield>
      </marc:datafield>
      <marc:datafield tag="538" ind1=" " ind2=" ">
         <marc:subfield code="a">System requirements: Adobe Reader or other PDF viewer.</marc:subfield>
      </marc:datafield>
      <marc:datafield tag="588" ind1=" " ind2=" ">
         <marc:subfield code="a">Description based on online resource; title from PDF title page.</marc:subfield>
      </marc:datafield>
      <marc:datafield tag="500" ind1=" " ind2=" ">
         <marc:subfield code="a">Extent pagination is PDF page count.</marc:subfield>
      </marc:datafield>
      <marc:datafield tag="500" ind1=" " ind2=" ">
         <marc:subfield code="a">Advisory committee: Carter Hay, Professor Directing Dissertation; Lenore McWey, University Representative; Daniel Mears, Committee Member; Jillian Turanovic, Committee Member.</marc:subfield>
      </marc:datafield>
      <marc:datafield tag="500" ind1=" " ind2=" ">
         <marc:subfield code="a">A Dissertation submitted to the College of Criminology and Criminal Justice in partial fulfillment of the requirements for the degree of Doctor of Philosophy.</marc:subfield>
      </marc:datafield>
      <marc:datafield tag="500" ind1=" " ind2=" ">
         <marc:subfield code="a">Date of Defense: March 10, 2020</marc:subfield>
      </marc:datafield>
      <marc:datafield tag="500" ind1=" " ind2=" ">
         <marc:subfield code="a">Keywords: Juvenile justice, Juvenile visitation, Prison visitation, Social support</marc:subfield>
      </marc:datafield>
      <marc:datafield tag="502" ind1=" " ind2=" ">
         <marc:subfield code="b">Ph.D.</marc:subfield>
         <marc:subfield code="c">Florida State University</marc:subfield>
         <marc:subfield code="d">2020.</marc:subfield>
      </marc:datafield>
      <marc:datafield tag="520" ind1="3" ind2=" ">
         <marc:subfield code="a">Visitation has received increasing attention from policy makers and scholars for its ability to help offenders maintain connections with loved ones during confinement. While there has been a great deal of work examining the potentially beneficial effects of visits among adult offending populations, very little attention has been paid to these effects among samples of incarcerated youth. This omission is problematic considering that youth face numerous challenges during confinement including exposure to violence (Sickmund &amp; Puzzanchera, 2014) and worsened mental health (Cauffman et al., 2007; Potter &amp; Jensen, 2003), and thus many go on to reoffend and continue their involvement in the juvenile justice system (Annie E. Casey Foundation, 2011). As a result, there is a need to identify whether cost-effective programming options, like visitation, might improve youths’ adjustment during confinement and after release. Accordingly, the goal of this dissertation is to examine visitation effects among incarcerated youth and to do so in ways that addresses some of the limitations inherent in prior visitation research. To this end, this dissertation answers three questions. First, this dissertation examines whether visitation is associated with prosocial changes during confinement. Drawing on the Risk-Needs-Responsivity literature, the effect of visitation on prosocial changes is assessed across seven domains: antisocial personality, antisocial attitudes, antisocial peers, family issues, school problems, unstructured activities, and substance abuse (Andrews et al., 2006). Because changes across each of these domains is associated with recidivism, this is an important question that has implications for youths’ short- and long-term offending patterns (Baglivio et al., 2017). Second, this dissertation examines whether visitation can reduce recidivism. This chapter addresses limitations in existing research by examining this relationship using a wider range of controls than have been examined in prior work. In doing so, this chapter responds to concerns from scholars about whether the beneficial effects of visits reported in existing research are the result of selection bias (Cochran, 2019; Cochran et al., 2018). Third, this dissertation examines whether the visitation-recidivism relationship differs by visitor type and visit quality. To date, all research on visitation effects among juveniles have examined the average effect of visits, without understanding when, and for whom, it is most beneficial. Yet, doing so can provide important information about when visitation may have the greatest crime reducing effect. These questions are assessed using two samples of incarcerated youth released from residential placement facilities in Florida. The first is a sample of youth who were released from placement between 2015 and 2017 and received a visitation survey designed to tap into the nuances of the visitation experience (N = 1,148). The second includes all youth who were released from placement between 2010 and 2015 (N = 7,296). Analyses of these data point to several key findings. They highlight the importance of visitation for youth during confinement but raise questions about the importance of visitation after youth are released from confinement. Furthermore, these analyses suggest that there may be a great deal of variation in who benefits from visits, but that this variation is not captured by visitor type or visit quality. More broadly, these findings underscore the need for additional research on visitation effects among incarcerated youth and have implications for both policy and theory.</marc:subfield>
      </marc:datafield>
      <marc:datafield tag="504" ind1=" " ind2=" ">
         <marc:subfield code="a">Includes bibliographical references.</marc:subfield>
      </marc:datafield>
      <marc:datafield tag="506" ind1=" " ind2=" ">
         <marc:subfield code="a">This thesis/dissertation may be embargoed for a limited time. Click access link to check availability.</marc:subfield>
      </marc:datafield>
      <marc:datafield tag="650" ind1=" " ind2="0">
         <marc:subfield code="a">Criminology</marc:subfield>
      </marc:datafield>
      <marc:datafield tag="655" ind1=" " ind2="7">
         <marc:subfield code="a">Electronic Thesis or Dissertation.</marc:subfield>
         <marc:subfield code="2">dct</marc:subfield>
      </marc:datafield>
      <marc:datafield tag="690" ind1=" " ind2="7">
         <marc:subfield code="a">FSU Dissertations.</marc:subfield>
         <marc:subfield code="2">local</marc:subfield>
         <marc:subfield code="9">LOCAL</marc:subfield>
      </marc:datafield>
      <marc:datafield tag="710" ind1="2" ind2=" ">
         <marc:subfield code="a">Florida State University.</marc:subfield>
         <marc:subfield code="e">degree granting instution.</marc:subfield>
         <marc:subfield code="0">http://id.loc.gov/authorities/names/n80126238</marc:subfield>
      </marc:datafield>
      <marc:datafield tag="931" ind1="1" ind2=" ">
         <marc:subfield code="a">Hay, Carter H.</marc:subfield>
         <marc:subfield code="e">professor directing dissertation</marc:subfield>
         <marc:subfield code="9">LOCAL</marc:subfield>
      </marc:datafield>
      <marc:datafield tag="931" ind1="1" ind2=" ">
         <marc:subfield code="a">McWey, Lenore M.</marc:subfield>
         <marc:subfield code="e">university representative</marc:subfield>
         <marc:subfield code="9">LOCAL</marc:subfield>
      </marc:datafield>
      <marc:datafield tag="931" ind1="1" ind2=" ">
         <marc:subfield code="a">Mears, Daniel P.</marc:subfield>
         <marc:subfield code="d">1966-</marc:subfield>
         <marc:subfield code="e">committee member</marc:subfield>
         <marc:subfield code="9">LOCAL</marc:subfield>
      </marc:datafield>
      <marc:datafield tag="931" ind1="1" ind2=" ">
         <marc:subfield code="a">Turanovic, Jillian J.</marc:subfield>
         <marc:subfield code="d">1985-</marc:subfield>
         <marc:subfield code="e">committee member</marc:subfield>
         <marc:subfield code="9">LOCAL</marc:subfield>
      </marc:datafield>
      <marc:datafield tag="932" ind1="2" ind2=" ">
         <marc:subfield code="a">College of Criminology and Criminal Justice.</marc:subfield>
         <marc:subfield code="9">LOCAL</marc:subfield>
      </marc:datafield>
      <marc:datafield tag="904" ind1=" " ind2=" ">
         <marc:subfield code="a">4</marc:subfield>
         <marc:subfield code="9">LOCAL</marc:subfield>
      </marc:datafield>
   </marc:record>