
   <marc:record>
      <marc:leader>     nam  22     Ki 4500</marc:leader>
      <marc:controlfield tag="006">m     o  d        </marc:controlfield>
      <marc:controlfield tag="007">cr |||||||||||</marc:controlfield>
      <marc:controlfield tag="008">      s2020    flu     obm   000 0  d</marc:controlfield>
      <marc:datafield tag="040" ind1=" " ind2=" ">
         <marc:subfield code="a">FDA</marc:subfield>
         <marc:subfield code="b">eng</marc:subfield>
         <marc:subfield code="e">rda</marc:subfield>
         <marc:subfield code="c">FDA</marc:subfield>
      </marc:datafield>
      <marc:datafield tag="100" ind1="1" ind2=" ">
         <marc:subfield code="a">Zheng, Jin</marc:subfield>
         <marc:subfield code="e">author</marc:subfield>
      </marc:datafield>
      <marc:datafield tag="245" ind1="1" ind2="0">
         <marc:subfield code="a">Solid-State NMR Studies of Li-Ion Transport in Composite Electrolytes and Lithiation Mechanisms of Organic Electrodes</marc:subfield>
         <marc:subfield code="c">Jin Zheng</marc:subfield>
      </marc:datafield>
      <marc:datafield tag="264" ind1=" " ind2="1">
         <marc:subfield code="a">Tallahassee, Florida :</marc:subfield>
         <marc:subfield code="b">Florida State University</marc:subfield>
         <marc:subfield code="c">2020</marc:subfield>
      </marc:datafield>
      <marc:datafield tag="300" ind1=" " ind2=" ">
         <marc:subfield code="a">1 online resource (149 pages)</marc:subfield>
      </marc:datafield>
      <marc:datafield tag="336" ind1=" " ind2=" ">
         <marc:subfield code="a">text</marc:subfield>
         <marc:subfield code="b">txt</marc:subfield>
         <marc:subfield code="2">rdacontent</marc:subfield>
      </marc:datafield>
      <marc:datafield tag="337" ind1=" " ind2=" ">
         <marc:subfield code="a">computer</marc:subfield>
         <marc:subfield code="b">c</marc:subfield>
         <marc:subfield code="2">rdamedia</marc:subfield>
      </marc:datafield>
      <marc:datafield tag="338" ind1=" " ind2=" ">
         <marc:subfield code="a">online resource</marc:subfield>
         <marc:subfield code="b">cr</marc:subfield>
         <marc:subfield code="2">rdacarrier</marc:subfield>
      </marc:datafield>
      <marc:datafield tag="347" ind1=" " ind2=" ">
         <marc:subfield code="a">text file</marc:subfield>
         <marc:subfield code="b">PDF</marc:subfield>
         <marc:subfield code="2">rda</marc:subfield>
      </marc:datafield>
      <marc:datafield tag="538" ind1=" " ind2=" ">
         <marc:subfield code="a">System requirements: Adobe Reader or other PDF viewer.</marc:subfield>
      </marc:datafield>
      <marc:datafield tag="588" ind1=" " ind2=" ">
         <marc:subfield code="a">Description based on online resource; title from PDF title page.</marc:subfield>
      </marc:datafield>
      <marc:datafield tag="500" ind1=" " ind2=" ">
         <marc:subfield code="a">Extent pagination is PDF page count.</marc:subfield>
      </marc:datafield>
      <marc:datafield tag="500" ind1=" " ind2=" ">
         <marc:subfield code="a">Advisory committee: Yan-Yan Hu, Professor Directing Dissertation; Rufina G. Alamo, University Representative; Michael Shatruk, Committee Member; Justin G. Kennemur, Committee Member.</marc:subfield>
      </marc:datafield>
      <marc:datafield tag="500" ind1=" " ind2=" ">
         <marc:subfield code="a">A Dissertation submitted to the Department of Chemistry and Biochemistry in partial fulfillment of the requirements for the degree of Doctor of Philosophy.</marc:subfield>
      </marc:datafield>
      <marc:datafield tag="500" ind1=" " ind2=" ">
         <marc:subfield code="a">Date of Defense: March 30, 2020</marc:subfield>
      </marc:datafield>
      <marc:datafield tag="500" ind1=" " ind2=" ">
         <marc:subfield code="a">Keywords: Li-ion batteries, Organic electrodes, Solid electrolytes, Solid-state NMR</marc:subfield>
      </marc:datafield>
      <marc:datafield tag="502" ind1=" " ind2=" ">
         <marc:subfield code="b">Ph.D.</marc:subfield>
         <marc:subfield code="c">Florida State University</marc:subfield>
         <marc:subfield code="d">2020.</marc:subfield>
      </marc:datafield>
      <marc:datafield tag="520" ind1="3" ind2=" ">
         <marc:subfield code="a">The rapidly increasing demand for energy storage necessitates the development of the next-generation rechargeable Li-ion batteries (LIBs) with high energy density, enhanced safety, long-cycling life, and low cost. Over the past few decades, tremendous effort has been devoted to understanding how LIBs work and developing high-performance battery materials. One focus is to design and discover solid electrolytes, which will replace the flammable liquid electrolytes in the current generation of rechargeable LIBs. This doctoral dissertation focuses on tracking the charge carrier, Li+, transport in composite solid electrolytes and understanding lithiation mechanisms of organic electrodes with high-resolution solid-state nuclear magnetic resonance (NMR). Composite electrolytes, combing the advantages of inorganic and polymer electrolytes, have attracted fast-growing attention due to their compatibility with electrodes, enhanced stability, and desirable mechanical properties. However, Li-ion transport pathways in these complex systems are not well understood: Li ions can transport via organic matrix, inorganic fillers, organic-inorganic interface or the combination of the three. To examine these possibilities, systematic studies have been carried out in this thesis work. Firstly, Li ions in different local structures (inorganic filler, polymer matrix, and inorganic/polymer interface) are distinguished with high-resolution 6Li NMR. Furthermore, tracer-exchange NMR is developed and has been proven to be an effective strategy to probe Li-ion transport pathways in solid electrolytes, which combines 6Li7Li isotope exchange with high-resolution 6Li NMR (Chapter 2). Chapters 3-5 discuss the Li-ion transport in representative oxide-polymer, i.e., Li7La3Zr2O12 (LLZO)-poly(ethylene oxide) (PEO), and sulfide-polymer, i.e., Li10GeP2S12 (LGPS)-PEO, composite electrolytes. Li-ion chemical environments and ion transport pathways are correlated with ion mobility, ionic conductivity, and chemical and electrochemical stability. Tracer-exchange NMR can be widely used to determine ion transport pathways in solid electrolytes for Li- or Na-ion batteries. In addition to electrolytes, electrodes are also critical to battery performance, which determine the energy and power densities of batteries. Conventional cathodes are transition-metal based inorganic compounds, consuming non-renewable resources and generate heavy metal wastes. Considering long-term sustainability, organic materials composed of light and abundant elements are considered promising as alternatives. Besides, organic cathodes are chemically diverse and can deliver much higher theoretical capacity compared with inorganic cathodes. However, the practical capacities of organic cathodes are often much lower than the theoretical values and capacity deteriorates fast during cycling. Chapter 6 and Chapter 7 aim at investigating Li-ion transformation in quinone-based organic cathodes, chloranilic acid and 7,7,8,8-tetracyanoquinodimethane, upon cycling with ex situ and in situ NMR and EPR, correlating the structural evolution with electrochemical performance, which can contribute to reveal the origin of capacity decay of organic cathodes. The inferior cycling capacity of organic electrodes originates from the incomplete lithiation/de-lithiation of organic molecules because of the relatively low electric and ionic conductivities, high solubility of organic compounds and intermediate products in liquid electrolytes, and irreversible side reaction products. In summary, these studies shed light on fundamental mechanisms of how battery materials work and provide insights for materials design, synthesis, and modification to develop the next-generation LIBs with high-performance and sustainability.</marc:subfield>
      </marc:datafield>
      <marc:datafield tag="504" ind1=" " ind2=" ">
         <marc:subfield code="a">Includes bibliographical references.</marc:subfield>
      </marc:datafield>
      <marc:datafield tag="650" ind1=" " ind2="0">
         <marc:subfield code="a">Chemistry</marc:subfield>
      </marc:datafield>
      <marc:datafield tag="655" ind1=" " ind2="7">
         <marc:subfield code="a">Electronic Thesis or Dissertation.</marc:subfield>
         <marc:subfield code="2">dct</marc:subfield>
      </marc:datafield>
      <marc:datafield tag="690" ind1=" " ind2="7">
         <marc:subfield code="a">FSU Dissertations.</marc:subfield>
         <marc:subfield code="2">local</marc:subfield>
         <marc:subfield code="9">LOCAL</marc:subfield>
      </marc:datafield>
      <marc:datafield tag="710" ind1="2" ind2=" ">
         <marc:subfield code="a">Florida State University.</marc:subfield>
         <marc:subfield code="e">degree granting instution.</marc:subfield>
         <marc:subfield code="0">http://id.loc.gov/authorities/names/n80126238</marc:subfield>
      </marc:datafield>
      <marc:datafield tag="931" ind1="1" ind2=" ">
         <marc:subfield code="a">Hu, Yan-yan</marc:subfield>
         <marc:subfield code="e">professor directing dissertation</marc:subfield>
         <marc:subfield code="9">LOCAL</marc:subfield>
      </marc:datafield>
      <marc:datafield tag="931" ind1="1" ind2=" ">
         <marc:subfield code="a">Alamo, Rufina G.</marc:subfield>
         <marc:subfield code="e">university representative</marc:subfield>
         <marc:subfield code="9">LOCAL</marc:subfield>
      </marc:datafield>
      <marc:datafield tag="931" ind1="1" ind2=" ">
         <marc:subfield code="a">Shatruk, Mykhailo</marc:subfield>
         <marc:subfield code="e">committee member</marc:subfield>
         <marc:subfield code="9">LOCAL</marc:subfield>
      </marc:datafield>
      <marc:datafield tag="931" ind1="1" ind2=" ">
         <marc:subfield code="a">Kennemur, Justin Glenn</marc:subfield>
         <marc:subfield code="e">committee member</marc:subfield>
         <marc:subfield code="9">LOCAL</marc:subfield>
      </marc:datafield>
      <marc:datafield tag="932" ind1="2" ind2=" ">
         <marc:subfield code="a">Department of Chemistry and Biochemistry.</marc:subfield>
         <marc:subfield code="9">LOCAL</marc:subfield>
      </marc:datafield>
      <marc:datafield tag="904" ind1=" " ind2=" ">
         <marc:subfield code="a">0</marc:subfield>
         <marc:subfield code="9">LOCAL</marc:subfield>
      </marc:datafield>
   </marc:record>