
   <marc:record>
      <marc:leader>     nam  22     Ki 4500</marc:leader>
      <marc:controlfield tag="006">m     o  d        </marc:controlfield>
      <marc:controlfield tag="007">cr |||||||||||</marc:controlfield>
      <marc:controlfield tag="008">      s2020    flu     obm   000 0  d</marc:controlfield>
      <marc:datafield tag="040" ind1=" " ind2=" ">
         <marc:subfield code="a">FDA</marc:subfield>
         <marc:subfield code="b">eng</marc:subfield>
         <marc:subfield code="e">rda</marc:subfield>
         <marc:subfield code="c">FDA</marc:subfield>
      </marc:datafield>
      <marc:datafield tag="100" ind1="1" ind2=" ">
         <marc:subfield code="a">Zhou, Huanhuan</marc:subfield>
         <marc:subfield code="e">author</marc:subfield>
      </marc:datafield>
      <marc:datafield tag="245" ind1="1" ind2="0">
         <marc:subfield code="a">Modeling Nanoscale Ion Diffusion in Block Copolyelectrolytes and Ligand Passivation-Enhanced Surface Stability of Hybrid
         Perovskites</marc:subfield>
         <marc:subfield code="c">Huanhuan Zhou</marc:subfield>
      </marc:datafield>
      <marc:datafield tag="264" ind1=" " ind2="1">
         <marc:subfield code="a">Tallahassee, Florida :</marc:subfield>
         <marc:subfield code="b">Florida State University</marc:subfield>
         <marc:subfield code="c">2020</marc:subfield>
      </marc:datafield>
      <marc:datafield tag="300" ind1=" " ind2=" ">
         <marc:subfield code="a">1 online resource (97 pages)</marc:subfield>
      </marc:datafield>
      <marc:datafield tag="336" ind1=" " ind2=" ">
         <marc:subfield code="a">text</marc:subfield>
         <marc:subfield code="b">txt</marc:subfield>
         <marc:subfield code="2">rdacontent</marc:subfield>
      </marc:datafield>
      <marc:datafield tag="337" ind1=" " ind2=" ">
         <marc:subfield code="a">computer</marc:subfield>
         <marc:subfield code="b">c</marc:subfield>
         <marc:subfield code="2">rdamedia</marc:subfield>
      </marc:datafield>
      <marc:datafield tag="338" ind1=" " ind2=" ">
         <marc:subfield code="a">online resource</marc:subfield>
         <marc:subfield code="b">cr</marc:subfield>
         <marc:subfield code="2">rdacarrier</marc:subfield>
      </marc:datafield>
      <marc:datafield tag="347" ind1=" " ind2=" ">
         <marc:subfield code="a">text file</marc:subfield>
         <marc:subfield code="b">PDF</marc:subfield>
         <marc:subfield code="2">rda</marc:subfield>
      </marc:datafield>
      <marc:datafield tag="538" ind1=" " ind2=" ">
         <marc:subfield code="a">System requirements: Adobe Reader or other PDF viewer.</marc:subfield>
      </marc:datafield>
      <marc:datafield tag="588" ind1=" " ind2=" ">
         <marc:subfield code="a">Description based on online resource; title from PDF title page.</marc:subfield>
      </marc:datafield>
      <marc:datafield tag="500" ind1=" " ind2=" ">
         <marc:subfield code="a">Extent pagination is PDF page count.</marc:subfield>
      </marc:datafield>
      <marc:datafield tag="500" ind1=" " ind2=" ">
         <marc:subfield code="a">Advisory committee: Chen Huang, Professor Directing Dissertation; Xiaoqiang Wang, University Representative; Eric Hellstrom, Committee Member; William Oates, Committee Member; Biwu Ma, Committee Member.</marc:subfield>
      </marc:datafield>
      <marc:datafield tag="500" ind1=" " ind2=" ">
         <marc:subfield code="a">A Dissertation submitted to the Program in Materials Science and Engineering in partial fulfillment of the requirements for the degree of Doctor of Philosophy.</marc:subfield>
      </marc:datafield>
      <marc:datafield tag="500" ind1=" " ind2=" ">
         <marc:subfield code="a">Date of Defense: March 24, 2020</marc:subfield>
      </marc:datafield>
      <marc:datafield tag="500" ind1=" " ind2=" ">
         <marc:subfield code="a">Keywords: block copolyelectrolytes, diffusivity tensor, ion diffusivity, MAPbI3, surface moisture stability</marc:subfield>
      </marc:datafield>
      <marc:datafield tag="502" ind1=" " ind2=" ">
         <marc:subfield code="b">Ph.D.</marc:subfield>
         <marc:subfield code="c">Florida State University</marc:subfield>
         <marc:subfield code="d">2020.</marc:subfield>
      </marc:datafield>
      <marc:datafield tag="520" ind1="3" ind2=" ">
         <marc:subfield code="a">Nanoscale ion diffusion is an important phenomenon governing the energy conversion efficiency, stability, degradation pathway, and lifetime of both soft and condensed engineering materials. Block copolyelectrolytes are one of the leading candidate materials for use as solid-state single-ion electrolytes (for ion transport) and ion-conductive membranes (for ion exchanging) in electrochemical energy storage systems, such as Li-ion batteries and fuel cells. They self-assemble into nanostructures that enable both ionic transport and maintain structural integrity. Ion transport in these charged block copolymers strongly depends on the alignment of specific anisotropic nanostructures. In this work, a modified dissipative particle dynamics (DPD) simulation framework has been developed to systematically study ion diffusion dynamics considering various experimentally controllable factors, such as block volume fraction, Flory-Huggins parameter, block charge fraction (or ion concentration), and dielectric constant. Using a novel “diffusivity tensor” approach, we predict the phase-dependent ion diffusivity along the principal microdomain orientations, and find that the degree of anisotropy in ion diffusivity strongly correlates with that of the polymer microdomains. Ion conductivity in block copolyelectrolytes strongly depends on ion concentrations and temperatures, but weakly on other experimentally controllable parameters. Surprisingly, we discover that the inverse topology gyroid and cylindrical phases are the optimal candidates for single-ion conductors with high-flux ion conductivity, well-percolated isotropic diffusion pathways, and mechanical robustness. Finally, we find that higher ion diffusivity can be achieved by increasing the dielectric constant, which facilitates ion diffusion across block microdomain interfaces. This work significantly motivates future efforts in exploring inverse phases without removing grain boundaries in order to enhance ion transport. On the other hand, material stability issues, especially moisture degradation at ambient device operating environments, limit the practical application of hybrid perovskite in photovoltaic and light-emitting devices. Very recent experiments demonstrate that ligand passivation can effectively improve the surface moisture tolerance of hybrid perovskites. Here, the water stability of as-synthesized pristine and alkylammonium passivated methylammonium lead iodide (MAPbI3) is systematically investigated using molecular dynamics simulations and two-step parallel reaction kinetics models. Interestingly, the more hydrophilic [PbI2]0 surface is more stable than the less hydrophilic [MAI]0 surface, due to the higher polarity of the former surface. This suggests that the water stability of MAPbI3 depends on both surface wettability (i.e., ion-water interactions) and surface energy (i.e., inter-ionic interactions at the surface). Among different types of passivation ligands, linear-chain ligands significantly stabilize the [MAI]0 surface with highly reduced dissociation rates of both MA+ and ligands, while branched ligands surprisingly leads to higher dissociation rates that increases with the surface coverage. Such anomalous behavior is attributed to the aggregation-assisted dissolution of surfactant-like ligands as micelles during the degradation process. As a result, shorter-chain linear alkylammonium at the full surface coverage is found to be the optimal ligand to stabilize the [MAI]0 surface. This work not only provides fundamental insights into the ionic dissolution pathways and underlying mechanisms of hybrid perovskites in water, but also inspires the search and design of highly stable hybrid perovskites with organic passivation layers. The computational framework developed here could be also transferrable to the investigation of surface passivation chemistry for other weak ionic materials in general.</marc:subfield>
      </marc:datafield>
      <marc:datafield tag="504" ind1=" " ind2=" ">
         <marc:subfield code="a">Includes bibliographical references.</marc:subfield>
      </marc:datafield>
      <marc:datafield tag="506" ind1=" " ind2=" ">
         <marc:subfield code="a">This thesis/dissertation may be embargoed for a limited time. Click access link to check availability.</marc:subfield>
      </marc:datafield>
      <marc:datafield tag="650" ind1=" " ind2="0">
         <marc:subfield code="a">Materials science</marc:subfield>
      </marc:datafield>
      <marc:datafield tag="655" ind1=" " ind2="7">
         <marc:subfield code="a">Electronic Thesis or Dissertation.</marc:subfield>
         <marc:subfield code="2">dct</marc:subfield>
      </marc:datafield>
      <marc:datafield tag="690" ind1=" " ind2="7">
         <marc:subfield code="a">FSU Dissertations.</marc:subfield>
         <marc:subfield code="2">local</marc:subfield>
         <marc:subfield code="9">LOCAL</marc:subfield>
      </marc:datafield>
      <marc:datafield tag="710" ind1="2" ind2=" ">
         <marc:subfield code="a">Florida State University.</marc:subfield>
         <marc:subfield code="e">degree granting instution.</marc:subfield>
         <marc:subfield code="0">http://id.loc.gov/authorities/names/n80126238</marc:subfield>
      </marc:datafield>
      <marc:datafield tag="931" ind1="1" ind2=" ">
         <marc:subfield code="a">Huang, Chen</marc:subfield>
         <marc:subfield code="c">(Professor of Scientific Computing)</marc:subfield>
         <marc:subfield code="e">professor directing dissertation</marc:subfield>
         <marc:subfield code="9">LOCAL</marc:subfield>
      </marc:datafield>
      <marc:datafield tag="931" ind1="1" ind2=" ">
         <marc:subfield code="a">Wang, Xiaoqiang</marc:subfield>
         <marc:subfield code="e">university representative</marc:subfield>
         <marc:subfield code="9">LOCAL</marc:subfield>
      </marc:datafield>
      <marc:datafield tag="931" ind1="1" ind2=" ">
         <marc:subfield code="a">Hellstrom, Eric</marc:subfield>
         <marc:subfield code="e">committee member</marc:subfield>
         <marc:subfield code="9">LOCAL</marc:subfield>
      </marc:datafield>
      <marc:datafield tag="931" ind1="1" ind2=" ">
         <marc:subfield code="a">Oates, William</marc:subfield>
         <marc:subfield code="e">committee member</marc:subfield>
         <marc:subfield code="9">LOCAL</marc:subfield>
      </marc:datafield>
      <marc:datafield tag="931" ind1="1" ind2=" ">
         <marc:subfield code="a">Ma, Biwu</marc:subfield>
         <marc:subfield code="d">1980-</marc:subfield>
         <marc:subfield code="e">committee member</marc:subfield>
         <marc:subfield code="9">LOCAL</marc:subfield>
      </marc:datafield>
      <marc:datafield tag="932" ind1="2" ind2=" ">
         <marc:subfield code="a">Program in Materials Science and Engineering.</marc:subfield>
         <marc:subfield code="9">LOCAL</marc:subfield>
      </marc:datafield>
      <marc:datafield tag="904" ind1=" " ind2=" ">
         <marc:subfield code="a">4</marc:subfield>
         <marc:subfield code="9">LOCAL</marc:subfield>
      </marc:datafield>
   </marc:record>